3086 5092
201 423 261 506 lv,
285 427 317 504 l,
339 427 465 491 87-102
650 463 692 474 -—
716 427 757 488 77
783 465 826 474 —
909 413 912 418 ¹
1121 423 1266 532 roa-723

290 621 450 696 Puerum.
482 621 665 711 Phidippo,
702 621 785 686 mihi
819 619 904 686 cedo
936 640 943 688 τ
975 641 1038 705 ego
1069 618 1170 684 alam.
1203 616 1263 684 Pa.

736 735 906 804 Maxume.

291 853 366 920 Non
386 857 511 920 mirum
530 853 610 920 fecit
629 855 725 936 iixor,
749 853 777 918 si
796 851 861 920 hoc
880 856 983 938 aegre
1002 852 1081 918 tulit
1102 874 1109 920 τ

267 1053 268 1056 ¹
290 971 437 1037 Amarae
458 969 618 1036 mulieres
639 973 728 1053 suni,
750 991 818 1035 non
837 969 936 1035 facile
957 969 1043 1034 haec
1061 969 1187 1034 ferunt.
1204 970 1269 1033 710

291 1086 478 1176 Propterea
496 1086 582 1152 haec
600 1087 704 1167 irasi3
726 1107 807 1152 nam
825 1088 902 1175 ipsa
919 1089 1072 1151 narravit
1091 1084 1186 1150 mihi.

290 1201 329 1268 Id
349 1224 413 1288 ego
432 1203 499 1268 hdo
517 1207 698 1292 praesente
719 1202 782 1268 tibi
801 1202 981 1268 nolueram
1000 1200 1127 1283 dicere,

292 1319 410 1408 Neque
430 1319 482 1414 illi
501 1319 685 1385 credebam
704 1321 840 1408 primo:
859 1341 950 1385 nuno
969 1317 1268 1406 verumpalamst.
1347 1367 1349 1375 .

293 1434 378 1500 Nam
399 1438 537 1502 omnino
557 1435 744 1501 abhorrere
765 1435 916 1501 animum
932 1434 1011 1500 huic
1026 1433 1128 1498 video
1148 1455 1168 1498 a
1185 1435 1272 1522 nup-

736 1551 805 1618 tiis.

204 1665 262 1732 La.
292 1666 383 1747 Quid
403 1670 485 1753 ergo
506 1687 618 1752 agam,
640 1666 837 1757 Phidippc‘l
856 1666 940 1756 quid
960 1665 1021 1732 das
1041 1665 1184 1732 consili?
1208 1667 1272 1730 715

150 1802 176 1843 os
203 1782 263 1848 Pu.
292 1782 384 1864 Quid
411 1783 523 1868 agas?
551 1782 766 1850 Meretricem
789 1784 879 1852 hano
903 1785 1054 1873 primum
1079 1780 1273 1848 adeundam

739 1903 874 1966 censeo.

295 2015 452 2098 Ore'mus,
475 2021 687 2097 accusemus,
709 2016 849 2102 gravius
871 2016 1019 2105 denique

292 2133 500 2214 Minitemur,
524 2132 552 2198 si
571 2154 649 2200 cum
668 2133 727 2198 illo
747 2132 908 2198 habuerit
925 2154 997 2198 rem
1018 2136 1150 2221 pdstea.

204 2249 263 2315 La.
290 2249 429 2316 Faciam
449 2251 488 2316 ut
506 2272 636 2316 mones.
651 2249 736 2330 Eho,
750 2251 869 2338 priore,
891 2271 989 2315 curre
1006 2248 1050 2314 ad
1066 2247 1273 2315 Bacchidem

738 2364 828 2430 hanc

294 2485 451 2551 Vicinam
470 2488 622 2552 nostram
646 2504 652 2551 :
675 2481 742 2547 huc
763 2485 868 2548 evoca
889 2481 1002 2546 verbis
1022 2481 1120 2548 meis.
1209 2483 1274 2546 720

152 2606 192 2648 ¹⁰0
294 2600 339 2665 At
362 2604 395 2664 te
420 2603 480 2666 oro
505 2620 608 2688 porro
632 2599 667 2663 in
691 2596 756 2663 hac
785 2619 822 2662 re
853 2595 991 2682 adjutor
1016 2600 1061 2663 sis
1091 2596 1186 2662 mihi.
1213 2597 1272 2662 Pu.

740 2713 807 2795 Ah,

295 2831 372 2898 dam
392 2830 524 2898 dudum
544 2829 614 2896 dixi
627 2829 790 2918 idemque
809 2851 901 2894 nunc
921 2829 1010 2911 dico,
1033 2828 1148 2896 Lache
1171 2851 1178 2895 :

296 2946 433 3015 Manere
454 2943 666 3014 adfinitatem
684 2945 772 3014 hanc
791 2946 881 3011 inter
900 2950 962 3013 nos
982 2945 1072 3028 volo,

207 3143 715 3204 mentateursmodernes‚cemotesi
767 3139 926 3190 ethabuerit
942 3142 1017 3191 n'est
1035 3153 1089 3204 pas
1106 3153 1143 3193 en
1158 3145 1276 3204 rapport

208 3227 266 3266 une
283 3225 402 3265 meuace
424 3211 560 3264 adresse'e
588 3213 605 3262 a
631 3213 715 3263 Pam-
768 3223 837 3263 aveo
859 3210 885 3264 le
909 3211 962 3263 fait
976 3211 1071 3264 meme
1089 3211 1126 3264 de
1143 3227 1275 3271 menaccr,

208 3284 286 3349 phile
303 3303 309 3336 ε
325 3299 338 3334 <i
352 3283 525 3336 misse-moi
542 3282 621 3334 taire.
643 3297 657 3332 ›>
673 3281 712 3334 Cl.
767 3282 843 3334 mais
856 3295 928 3334 avec
941 3283 968 3334 le
979 3289 1106 3336 contenu
1122 3283 1157 3336 de
1171 3283 1200 3336 la
1214 3298 1276 3336 me-

208 3359 280 3410 Eun.
305 3357 361 3408 65:
386 3355 449 3404 Sine
472 3353 558 3404 modo.
581 3356 616 3405 Je
639 3352 714 3404 crois
768 3355 975 3406 nace:Laches
990 3353 1277 3420 diraassacchisquc

209 3427 304 3493 plutot
330 3439 386 3492 que
410 3424 520 3478 Laches
541 3424 584 3476 dit
605 3425 622 3476 a
648 3424 714 3474 Phi·
768 3425 827 3476 mal
852 3425 892 3476 lui
911 3424 1071 3477 adviendra
1091 3425 1117 3476 si
1131 3426 1186 3478 elle
1204 3440 1274 3478 con-

209 3497 497 3565 dippechalssene
510 3497 569 3548 t'en
577 3502 715 3561 metspas
769 3497 883 3550 tinnea
904 3496 1033 3548 recevoir
1056 3497 1215 3562 Pamphile.
1235 3501 1275 3552 Gt.

209 3570 348 3636 enpeinc.
361 3567 589 3622 »Glandrtih
603 3568 714 3620 Phorm.
769 3569 824 3622 Cio.
845 3568 877 3620 in
900 3570 981 3619 verr.
997 3571 1060 3619 Act.
1082 3571 1116 3632 ΙΙ,
1137 3569 1155 3618 l.
1174 3571 1207 3629 11,
1226 3573 1276 3620 67:

167 3678 168 3683 ,
207 3643 262 3694 238.
325 3682 327 3685 .
769 3641 829 3690 Nisi
861 3640 1034 3688 restituissent
1063 3645 1177 3700 statuas,
1201 3643 1278 3690 cehe-

239 3715 292 3766 708.
311 3713 439 3762 Maxume
461 3722 582 3773 marque
606 3723 647 3760 un
666 3721 715 3761 as·
770 3715 869 3760 menter
888 3711 925 3759 eis
946 3710 1068 3759 minatur
1084 3715 1106 3768 (a
1122 3710 1143 3762 il
1158 3724 1278 3764 menaea

209 3783 368 3836 sentiment
383 3782 517 3847 complet.
770 3782 801 3832 de
819 3783 888 3832 sectr
903 3791 994 3830 contre
1009 3797 1070 3842 cccc,
1085 3781 1111 3833 si
1128 3787 1174 3834 etc
1189 3787 1221 3845 a).
1237 3783 1277 3834 Cl.

240 3858 294 3908 709.
309 3856 391 3918 Uxor,
407 3867 527 3906 samen.
546 3854 578 3903 V.
596 3855 628 3904 N.
645 3856 717 3904 C.—
771 3855 848 3918 Sunt.
871 3855 909 3902 dn
934 3853 983 3916 fut.
1007 3854 1085 3917 passe'
1111 3854 1179 3904 dans
1212 3855 1278 3916 Ter„

209 3929 274 3991 Hoc,
286 3926 329 3980 les
344 3926 481 3980 relations
491 3924 670 3990 (supposees)
681 3926 717 3976 de
771 3939 798 3991 p.
810 3927 894 3978 32-33.

209 3999 357 4065 Pamphile
376 4011 446 4050 avec
460 3997 590 4050 Bacchis.
802 3998 856 4049 7l9.
876 3999 969 4050 Puera.
996 3998 1050 4049 Sur
1078 4001 1155 4048 celte
1179 3997 1279 4058 forme,

241 4073 294 4124 rto.
313 4073 439 4128 Amarae,
456 4084 470 4118 ‹<
485 4067 717 4133 suseeptihles.»
771 4083 797 4120 v.
818 4069 967 4129 Buchelen
992 4069 1165 4118 De'cticaison
1190 4068 1278 4128 latine,

240 4145 294 4195 7ll.
310 4141 507 4209 Ipcanarracit
519 4141 595 4190 mihi.
611 4141 644 4191 V.
656 4143 717 4192 536-
772 4142 788 4206 5
805 4142 858 4201 l03‚
876 4155 902 4206 p.
919 4145 958 4192 72.
975 4169 1006 4177 -
1021 4143 1054 4191 V.
1072 4140 1153 4192 aussi
1168 4141 1202 4192 N.
1220 4141 1247 4192 C.

209 4217 264 4270 ato.
802 4214 857 4265 720.
874 4213 962 4263 Verbis
972 4213 1045 4273 mois,
1055 4228 1069 4261 «
1080 4212 1116 4262 de
1126 4224 1174 4262 ma
1185 4216 1280 4276 pari.»

240 4285 529 4350 713.1ttt,sc.caeoc·.
804 4287 858 4334 722.
875 4283 938 4332 Jatu
961 4284 1062 4332 dada-m
1082 4285 1150 4335 dicct.
1168 4285 1201 4333 V.
1220 4287 1281 4336 635-

241 4361 295 4410 718.
313 4359 478 4417 Minitemur,
502 4357 554 4406 si...
582 4354 715 4404 habuerit.
771 4357 826 4408 636.

212 4431 251 4480 La
278 4429 460 4496 proposition
490 4425 717 4480 conditionnelle

1142 4511 1157 4559 6
