3086 5092
283 408 323 489 v,
346 410 378 474 1.
402 408 480 474 ((3

727 412 897 475 ..92--

1200 412 1345 478 stt-853

280 601 363 670 Pnn.
394 603 493 670 Mino
519 602 602 668 dum
626 602 751 672 sodes:
778 608 883 670 timeo
903 627 944 670 ne
965 604 1059 672 uliud
1078 605 1217 672 credam
1243 611 1346 694 atque

772 721 866 788 aliud
885 723 1033 788 nunties

228 868 241 908 5
280 834 360 901 Pis.
395 834 527 904 Moneo.
551 835 635 901 rm.
656 834 713 902 Sic
725 841 759 902 te
773 840 896 926 opinor
910 837 1048 920 dixisse,
1071 835 1241 904 invenisse
1256 838 1347 925 My'r-

770 954 880 1021 rinem

1281 954 1347 1018 845

391 1066 599 1136 Biochidem
624 1067 766 1136 anulum
792 1091 890 1136 suom
914 1069 1054 1136 habere.
1082 1070 1162 1138 Pin.
1188 1069 1344 1136 Fictum.

769 1185 854 1252 Pru.
878 1184 966 1252 Eum
986 1208 1089 1274 quem
1115 1186 1196 1251 oiim
1217 1189 1248 1250 ei
1267 1182 1348 1250 dedi

391 1284 509 1390 quue
538 1301 602 1368 hoc
632 1305 664 1365 te
695 1301 779 1366 mihi
810 1301 968 1367 nuntiare
998 1301 1136 1388 jussit:
1169 1302 1260 1368 itane
1297 1307 1348 1366 est

770 1416 925 1483 fictum?
945 1417 1026 1484 Pia.
1049 1416 1111 1500 lta,
1133 1418 1285 1506 inquam.

281 1535 365 1601 rm.
394 1532 1348 1623 Quismoestfortunitiorvenustdtisqueadeoplenior?

391 1634 509 1735 Egone
539 1656 572 1715 te
606 1673 670 1739 pro
703 1648 768 1716 hoc
796 1649 916 1716 nuntio
951 1649 1035 1738 quid
1064 1649 1216 1716 donem?
1237 1647 1348 1737 quid?

771 1765 876 1854 quid?
894 1751 1022 1832 nescio.

400 1864 409 1878 V

212 1909 255 1952 aro
282 1881 361 1948 Pur.
387 1881 432 1947 At
451 1903 515 1967 ego
536 1882 618 1948 scio.
639 1881 723 1947 Pnu.
748 1881 865 1962 Quid?
885 1881 965 1946 Pir.
988 1881 1044 1946 Nil
1063 1882 1156 1948 enim
1178 1904 1185 1950 :

1283 1881 1348 1946 850

394 1999 482 2064 Nr'tm
500 2020 612 2087 neque
633 1998 668 2062 in
687 1999 807 2064 nuntio
826 2020 939 2087 neque
959 1999 994 2063 in
1014 2000 1068 2065 me
1087 1999 1164 2088 ipso
1183 1997 1247 2063 tibi
1267 1997 1349 2064 boni

444 2199 448 2208 ·
773 2113 858 2202 quid
877 2118 920 2180 sit
940 2115 1021 2180 scio,

282 2233 364 2299 Pru.
392 2215 489 2317 Egon
509 2231 568 2320 qui
587 2230 632 2295 eb
652 2252 732 2295 orco
759 2234 932 2296 mdrtuom
956 2252 1011 2296 me
1042 2230 1205 2297 reducem
1221 2232 1266 2295 -in
1295 2231 1350 2296 lu-

775 2367 851 2412 cem
865 2346 1000 2430 feceris,

396 2463 514 2530 Sirim
541 2464 613 2530 sine
633 2485 776 2528 munere
798 2467 818 2528 it
837 2485 891 2528 me
912 2463 1030 2530 abire?
1054 2463 1110 2547 nh,
1132 2464 1277 2530 nimium
1295 2484 1350 2530 me

774 2578 949 2663 ingratum
965 2584 1080 2680 putas.

312 2781 366 2829 stt.
396 2779 477 2827 titane
515 2777 588 2826 dunt.
628 2776 790 2826 Parmenon

281 2849 358 2900 avait
373 2848 427 2900 fait
443 2847 521 2898 mine
537 2846 572 2898 de
588 2859 619 2898 se
633 2845 743 2897 retirer.
760 2873 789 2880 -

281 2922 321 2970 Ne
334 2919 413 2970 atiud
427 2919 532 2968 credant
546 2922 592 2968 etc.
610 2919 655 2970 011
666 2917 726 2968 voit
739 2929 790 2981 par

283 2995 359 3042 cette
375 2989 574 3042 construction
589 2993 737 3040 comment
746 2993 790 3036 at-

281 3079 331 3126 que
345 3064 395 3126 (uc)
411 3075 428 3114 a
443 3076 481 3127 pu
497 3059 590 3113 servir
607 3061 625 3112 d
646 3058 790 3124 exprimes

281 3134 309 3184 lu
324 3133 526 3198 comparaison
545 3131 630 3197 upr'cs
652 3132 723 3180 otius
740 3147 746 3181 :
762 3129 790 3180 le

282 3205 389 3257 second
416 3206 487 3254 atius
509 3218 526 3256 a
548 3204 593 3257 e'te
616 3217 674 3268 peu
695 3203 712 3255 t
732 3215 790 3266 peu

282 3275 409 3329 elimine.
427 3276 455 3327 Si
477 3276 604 3328 Terence
622 3274 701 3325 avait
721 3286 791 3337 suu

282 3348 375 3414 prime
413 3349 490 3397 atiud
524 3347 598 3398 daus
627 3347 653 3398 ie
684 3343 790 3397 second

281 3421 422 3484 membre,
437 3419 458 3471 ii
473 3420 567 3471 aurait
583 3417 623 3470 dir
637 3418 698 3468 dire
713 3424 792 3481 atque

281 3493 402 3544 nuntias.

313 3567 368 3616 845.
384 3564 524 3627 iuvenisse,
543 3573 613 3614 avec
631 3557 793 3612 l'aocusatii

283 3633 475 3700 scindimus,
491 3645 603 3684 commo
619 3644 678 3683 aux
692 3644 718 3682 v.
735 3633 792 3679 777-

313 3779 368 3828 817,
384 3777 475 3841 anue
494 3804 525 3812 -
543 3776 633 3840 jussit.
655 3775 791 3826 L'auteur

283 3859 369 3912 passe
395 3847 433 3898 du
457 3847 588 3900 discours
610 3845 733 3898 indircct
753 3857 791 3895 au

283 3919 415 3972 discours
434 3918 533 3970 direct.
556 3947 584 3954 -
604 3919 655 3977 Ea,
671 3930 710 3967 sc.
726 3918 791 3966 Bac-

283 3991 348 4040 chis.

314 4066 369 4114 848.
385 4062 407 4112 V
406 4063 543 4120 onustatis,
555 4078 570 4110 <c
578 4061 613 4112 dc
624 4061 766 4123 bonhcur,
777 4076 791 4108 r>

283 4151 297 4183 <‹
315 4135 349 4185 de
365 4133 506 4185 chance.»
527 4134 655 4184 Venustus
668 4155 701 4174 =
714 4133 789 4196 sciis),

283 4207 437 4255 invenustus
451 4227 481 4248 =
495 4204 600 4268 inseiis.
617 4207 705 4256 Andr.
722 4207 769 4256 245
783 4219 790 4252 :

285 4277 375 4327 Adeon
394 4277 529 4326 hominem
549 4291 601 4326 esse
623 4277 792 4325 invenustum

284 4353 332 4398 etit
353 4347 485 4410 infelicem
508 4363 681 4412 quemquem,
697 4353 727 4396 ut
745 4362 792 4412 e90

284 4436 351 4469 sum.
386 4421 431 4472 On
458 4418 601 4483 regardatt
628 4418 657 4470 la
684 4419 792 4470 chance

842 2787 956 2826 comme
972 2788 1012 2826 un
1032 2773 1151 2838 pre'sent
1172 2774 1207 2826 de
1231 2775 1350 2833 Ve'nus;

843 2848 870 2899 le
882 2846 948 2911 plus
963 2846 1035 2897 haut
1045 2846 1126 2910 point
1140 2846 1243 2898 ameni
1255 2859 1292 2897 au
1300 2845 1351 2910 jeu

844 2919 879 2969 de
904 2918 955 2970 des
985 2916 1135 2984 s'appelait
1162 2917 1189 2968 le
1220 2929 1294 2982 coup
1316 2917 1352 2970 de

844 2989 953 3040 Venus.

873 3063 928 3112 ste.
940 3061 1059 3124 Econe...
1071 3061 1137 3124 quid
1145 3060 1259 3110 donem?
1268 3062 1353 3112 Deux

845 3137 953 3184 termes
981 3131 1179 3196 interrogatiis
1212 3143 1284 3182 eveo
1311 3144 1354 3182 un

844 3202 908 3255 seul
922 3204 1024 3268 verbc;
1040 3204 1067 3255 le
1081 3216 1150 3255 sens
1161 3207 1207 3254 cst
1224 3205 1354 3255 :nPour-

844 3275 933 3340 rai-Je
947 3281 975 3326 te
992 3274 1212 3340 recompenser‘?
1230 3280 1259 3326 et
1270 3287 1357 3326 com-.

844 3351 926 3398 ment
940 3351 970 3398 te
985 3346 1281 3410 recompensent-jer
1295 3361 1310 3395 s
1323 3374 1354 3382 -

850 3419 881 3466 Te
896 3417 961 3482 quid
975 3418 1088 3468 donem?
1100 3419 1141 3468 La
1153 3417 1354 3469 construction

845 3488 885 3539 du
895 3489 999 3540 double
1014 3489 1157 3540 accusatis
1165 3488 1353 3551 evectionem,

845 3561 1010 3620 condonare,
1043 3566 1087 3612 est
1115 3560 1281 3624 archaique.
1311 3559 1352 3613 Cf.

845 3633 958 3684 Phorm.
974 3635 1020 3684 917
1034 3649 1041 3683 t
1059 3632 1204 3696 decentum
1220 3631 1290 3696 qttod
1304 3632 1355 3680 itu-

846 3704 887 3754 bes
901 3705 1084 3755 condonamus
1099 3709 1130 3755 te.
1140 3705 1212 3754 Eun.
1223 3702 1293 3768 prol.
1305 3705 1334 3752 17
1346 3720 1353 3754 :

846 3775 918 3833 Quae
931 3791 1004 3825 nunc
1017 3774 1220 3826 condonabitur.
1238 3776 1270 3824 V.
1286 3774 1354 3825 Rie-

845 3859 945 3909 mann,
959 3847 1089 3911 Syutanc,
1105 3846 1122 3909 ἓ
1136 3847 1176 3909 31,
1192 3858 1264 3896 rem.
1279 3847 1313 3896 11.

875 3921 930 3970 850.
939 3918 988 3968 nu
997 3917 1169 3977 enim‚‹<rien
1177 3928 1214 3967 en
1226 3915 1328 3980 verite,
1339 3932 1354 3965 1

845 3988 1187 4042 «meisrientsci.Ad.
1204 3988 1356 4048 65620uid

844 4062 937 4126 ipsae?
963 4061 1029 4125 quid
1049 4061 1147 4111 ciunt?
1175 4060 1185 4124 11
1209 4059 1279 4118 Quid
1293 4059 1356 4108 iiius

847 4135 953 4183 censes?
966 4133 1013 4183 n'it
1027 4133 1107 4184 enim.

876 4206 931 4256 853.
949 4204 1046 4254 Sinam
1060 4205 1160 4263 sine...,
1179 4200 1357 4255 aliiteration

847 4280 876 4330 et
889 4275 940 4340 J'cu
953 4276 989 4327 de
999 4279 1085 4326 muts.
1102 4275 1141 4328 Gi.
1155 4273 1271 4326 Phorm.
1287 4274 1330 4324 191
1348 4287 1355 4325 :

847 4349 935 4396 Metuo
958 4346 1076 4396 lenonem
1094 4362 1128 4396 ne
1149 4345 1247 4410 quid...'
1271 4346 1281 4408 11
1301 4344 1357 4395 Suo

847 4424 908 4467 suat
923 4418 1014 4483 capiti.
