3050 5080
143 883 171 926 15

200 441 227 524 1,
249 444 282 523 a,
307 442 408 508 rana

644 445 821 508 ...15-

1165 443 1266 510 8897

199 638 257 706 Pa.
291 638 427 728 Edepol
445 645 479 705 te
499 639 710 706 desiderium
729 639 945 706 Athenarum
966 640 1126 721 arbitror,

187 779 192 798 =
288 755 488 836 Philotium,
512 759 643 845 cepisse
665 777 769 845 saepe
794 761 828 821 et
842 759 875 822 te
895 761 992 822 tuom

288 869 475 938 Consilium
495 875 754 961 contempsisse.
776 871 835 938 Pn.
859 872 935 938 Non
955 871 1023 938 diei
1037 878 1162 962 potest,
1225 874 1267 937 90

290 988 401 1069 Quam
420 987 547 1077 cupida
567 1010 662 1053 eram
680 987 748 1054 huc
759 988 938 1068 redeundi,
962 989 1113 1055 abeundi
1127 987 1267 1054 amilite

288 1102 427 1193 Vosque
447 1103 503 1170 hic
522 1102 674 1186 videndi,
693 1108 834 1193 antiqua
855 1109 891 1169 ut
910 1103 1159 1170 consuetudine

287 1219 467 1305 Agitarem
488 1219 659 1285 intervos
680 1218 789 1284 libere
809 1220 1016 1285 convivium.

288 1337 375 1400 Nam
394 1334 446 1400 illi
461 1334 558 1400 hacid
572 1334 699 1400 licebat
718 1336 784 1401 nisi
801 1335 983 1424 praefinite
1002 1335 1110 1424 loqui,

289 1451 384 1532 Quae
404 1450 454 1516 illl
468 1451 655 1540 placerent.
681 1450 751 1538 (Pi.
774 1451 876 1516 Haud
894 1451 1017 1540 opinor
1036 1451 1215 1517 commode
1226 1453 1269 1517 95

287 1566 409 1633 Finem
431 1566 590 1632 statuisse
611 1566 757 1631 orationi
777 1566 948 1655 militem.)

197 1685 258 1750 Pa.
292 1681 362 1750 Sed
380 1681 465 1772 quid
480 1667 545 1747 hoc
560 1681 725 1766 negotist,
747 1681 851 1746 modo
867 1682 960 1771 quod
981 1687 1133 1748 narravit
1152 1683 1237 1748 mihi

226 1926 268 1978 88.
286 1923 317 1972 Tc
330 1925 376 1974 est
394 1919 421 1972 le
436 1919 707 1986 complemenl,non

196 1995 224 2047 le
252 1994 340 2058 sajet,
369 1992 404 2044 de
431 1993 536 2056 cepisse.
563 1992 600 2042 ei.
627 1993 675 2044 580
699 2008 705 2042 :

196 2067 292 2118 Merito
315 2070 344 2114 el
372 2069 475 2129 caperet
508 2064 600 2113 odium
631 2062 707 2112 illam

197 2138 257 2188 mci.
283 2139 355 2188 Eun.
380 2137 487 2188 ees-iet
510 2152 516 2186 z
545 2134 707 2184 Tnmsicubi

198 2225 258 2260 eum
274 2209 384 2258 satietas
396 2208 544 2257 Hominum
558 2213 605 2256 aut
620 2207 707 2270 nepoti

197 2285 221 2331 si
246 2280 355 2346 quondo
379 2279 472 2329 odium
493 2283 605 2343 ceperat.
637 2279 705 2328 aii:

198 2353 289 2416 Neque
302 2352 364 2416 apri
374 2366 457 2414 neque
473 2349 547 2398 urbis
562 2349 654 2398 odium
666 2364 708 2397 me

198 2439 326 2488 umquam
338 2423 461 2487 percipit.

229 2499 267 2548 89.
286 2497 320 2546 Et
335 2501 398 2544 te-
410 2495 594 2558 contempsisse
606 2515 635 2534 =
645 2498 669 2541 et
684 2498 707 2540 te

113 2599 118 2610 ι
199 2570 239 2618 tui
254 2567 348 2618 consiti
363 2561 532 2632 poenituisse,
553 2565 600 2615 tibi
621 2564 708 2614 eonsi-

199 2641 264 2690 lium
279 2647 353 2690 tuom
366 2639 541 2704 displicuisse.

228 2715 267 2765 90.
286 2713 349 2762 Non
363 2711 417 2760 dici
434 2715 519 2776 potest
541 2716 587 2760 etc.
602 2707 709 2760 Lindi-

199 2785 270 2838 eatii
284 2798 315 2836 sc
330 2788 390 2835 met
403 2783 478 2834 dans
491 2781 535 2834 les
548 2781 708 2846 iuterroga-

199 2857 275 2910 lions
292 2855 449 2907 indirectas
464 2853 564 2919 quand
588 2851 616 2905 le
639 2864 707 2918 pro-

198 2941 268 2981 nom
291 2941 329 2979 ou
352 2925 495 2978 l'adverbe
524 2922 710 2988 interrogatii

201 2999 289 3051 s’unil
302 2998 568 3050 etroitementavec
584 2996 609 3048 le
620 2995 708 3046 verbe

199 3069 349 3136 principat,
367 3068 402 3121 de
428 3067 558 3120 maniere
573 3068 590 3119 a
603 3079 641 3118 ne
655 3066 710 3117 ior-

198 3155 260 3194 mer
274 3153 344 3192 avec
358 3139 478 3192 celui-ci
493 3139 601 3203 qu’unc
628 3136 708 3190 seule

199 3213 322 3264 notiori:
350 3227 405 3261 non
433 3211 488 3260 dici
511 3217 596 3274 polest
625 3224 709 3274 quam

199 3285 341 3348 equiveut
354 3285 371 3336 i
386 3295 427 3334 nn
439 3283 582 3336 adverbe:
599 3299 613 3330 c
630 3281 708 3332 indi-

99 3355 102 3361 '
200 3355 365 3408 ciblemeut.
383 3371 398 3404 »
432 3355 471 3409 oi.
505 3356 620 3406 Phorm.
647 3355 708 3404 rei:

199 3427 359 3477 Incredibile
374 3429 414 3491 [st]
462 3432 595 3492 quantum
633 3439 710 3475 crum

199 3503 260 3549 ante
272 3515 300 3549 eo
311 3500 453 3566 sapientia.

230 3573 270 3622 91.
288 3572 344 3622 Huc
359 3571 496 3629 redeundi,
508 3570 622 3620 reiciendi
632 3586 649 3618 a
660 3569 709 3618 mi-

201 3644 254 3705 lite,
269 3642 544 3694 entre-croisemant
561 3655 598 3692 on
614 3641 709 3691 chias-

199 3727 247 3766 me
274 3715 411 3779 (χιασμὸς).
442 3715 474 3763 V.
505 3715 535 3764 F.
565 3712 708 3774 Autome,

200 3786 322 3851 Spelunca
332 3786 363 3834 dc
380 3785 406 3834 la
421 3785 520 3849 lanpne
531 3783 644 3847 lalinc,§
654 3784 708 3835 322.

200 3856 380 3918 Paris,1886.

230 3932 270 3980 94.
287 3928 339 3988 illi,
357 3927 481 3979 adverbe
501 3926 538 3990 (la
553 3927 643 3977 iorme
665 3937 710 3976 or-

201 3999 312 4051 dinaire
332 4004 378 4051 est
396 3999 472 4063 illic),
487 4014 501 4047 «
516 3997 621 4050 la-bas.
640 4012 654 4044 r>
670 3996 709 4050 ei.

199 4073 256 4136 217,
271 4075 325 4128 438,
341 4073 433 4123 802-
449 4069 628 4132 Praetinito‚<‹
642 4079 710 4118 avec

200 4142 396 4196 autorisation
425 4139 579 4206 prealahle.
601 4156 614 4189 ³)
640 4137 711 4202 [Tal-

201 4215 270 4278 hott.
287 4213 436 4276 Praefinito
457 4215 503 4263 est
525 4214 712 4276 proprement

201 4299 243 4336 un
270 4283 375 4336 ablatii
398 4283 501 4335 absolu
529 4279 619 4332 formo'
643 4279 711 4330 d‘un

202 4355 305 4421 simple
329 4354 470 4422 participe
497 4352 581 4417 passe
610 4351 710 4416 pessit,

201 4428 276 4480 mais
285 4440 323 4478 on
335 4430 407 4494 peut
418 4428 445 4478 le
460 4422 628 4476 consideran
635 4434 711 4473 eom·

763 1933 810 1971 me
833 1932 874 1971 un
900 1920 1032 1972 adverbe.
1063 1923 1096 1972 V.
1118 1921 1270 1979 Riemann,

764 1993 888 2056 Spalaei
912 1992 1003 2056 latine,
1027 1994 1043 2056 ‘a‘
1069 1995 1123 2052 263,
1142 2006 1270 2045 rem.1v.

763 2063 899 2126 Paciae.
918 2063 1112 2128 Klineksieck‚
1129 2065 1198 2117 1886.

794 2139 833 2188 95.
845 2135 916 2194 Onne
926 2135 966 2184 illi
976 2135 1121 2199 placerent,
1134 2138 1198 2200 «(et
1209 2148 1272 2186 seu·

762 2206 882 2270 lementi
898 2219 930 2258 ee
945 2207 995 2269 qui
1010 2206 1082 2258 etait
1094 2206 1130 2258 dc
1140 2207 1272 2260 naturae

763 2279 803 2330 lut
814 2278 937 2344 plane.»
949 2279 987 2331 ei.
1002 2280 1114 2330 Phorm.
1124 2280 1169 2330 341
1183 2279 1272 2330 :Dum

763 2353 810 2401 tibi
823 2353 853 2414 fil
868 2351 940 2415 qnod
951 2351 1064 2414 placcat.
1079 2378 1109 2386 -
1123 2353 1211 2402 «Duo
1227 2350 1273 2402 ‹ii-

762 2423 806 2473 xit
821 2427 849 2472 et
861 2422 1006 2486 praefinito
1026 2424 1055 2472 et
1070 2436 1138 2486 quae
1153 2422 1194 2470 illi
1208 2422 1271 2486 pla-

762 2500 856 2553 cerent,
873 2496 906 2544 ul
921 2497 1170 2556 nequequantum
1183 2493 1271 2546 velles

762 2577 858 2628 neque
884 2563 961 2628 quod
990 2563 1080 2615 velles
1113 2563 1234 2617 diceres.
1258 2583 1272 2616 ›>

764 2637 920 2702 [Donat].-
930 2635 1014 2704 Haucl
1027 2662 1058 2671 -
1070 2635 1192 2685 mititem.
1205 2639 1273 2688 Par-

761 2709 869 2761 menon
884 2706 928 2756 dit
942 2719 990 2757 ces
1005 2711 1082 2757 mols
1100 2707 1196 2772 apert
1215 2709 1244 2771 t‘)
1265 2727 1270 2760 :

762 2781 846 2839 c'est,
871 2790 908 2829 en
935 2776 1016 2836 eliel,
1045 2790 1103 2828 une
1132 2777 1273 2829 reflexion

762 2849 904 2914 maligne,
936 2845 1153 2911 desobiigeante
1199 2862 1273 2914 pour

764 2920 895 2983 Philotis,
907 2919 957 2983 qui
972 2922 1017 2970 est
1031 2920 1184 2984 presentie
1198 2933 1273 2971 com-

763 3005 810 3044 me
824 3004 882 3043 une
905 2990 1037 3042 bavarde.
1051 3018 1082 3026 —
1101 2991 1183 3040 Haud
1200 3007 1272 3040 com-

763 3065 848 3123 mode,
877 3065 940 3113 mot
961 3062 979 3112 a
1001 3065 1085 3112 mot:
1106 3077 1119 3108 «
1134 3075 1194 3112 non
1205 3075 1274 3126 gen-

764 3135 913 3195 timent‚»
939 3131 1124 3184 e'est-'a-dire
1152 3133 1273 3184 «rude-

763 3208 854 3265 ment,
866 3221 880 3253 ›>
893 3219 907 3250 <‹
922 3203 1128 3255 brutalement.
1142 3220 1156 3252 »
1169 3205 1207 3256 Ge
1222 3204 1274 3254 mi-

763 3275 860 3330 lilaire
878 3275 946 3327 etan
960 3287 998 3326 en
1017 3275 1084 3326 eliel
1097 3275 1272 3324 inhumanis-

763 3363 855 3412 sumus
869 3351 905 3413 (v.
921 3346 970 3406 86).

795 3420 834 3472 96.
852 3417 981 3478 Orationi,
993 3429 1030 3467 au
1044 3421 1147 3480 caqnei
1161 3416 1196 3468 de
1205 3416 1274 3467 Phi-

764 3490 842 3542 lotis.

795 3565 835 3613 97.
852 3561 930 3610 Modo
952 3559 1033 3623 qaod.
1054 3558 1181 3611 Terence
1196 3559 1272 3610 aime

765 3635 782 3686 a
796 3631 892 3698 placer
909 3630 951 3682 les
965 3630 1166 3693 conjonctions
1178 3629 1214 3681 de
1224 3644 1274 3681 su-

765 3701 949 3756 bordination
968 3700 1045 3751 ainsi
1064 3712 1121 3764 que
1141 3701 1183 3752 les
1205 3713 1272 3764 pro-

766 3786 850 3825 noms
878 3777 907 3823 et
933 3771 1073 3823 adverbes
1105 3771 1215 3822 relaliis
1244 3775 1273 3822 et

766 3841 967 3908 interrogatiis
989 3841 1073 3906 apres
1095 3855 1136 3892 un
1153 3854 1190 3893 ou
1210 3842 1273 3906 plu-

766 3913 861 3966 sieurs
882 3918 960 3965 mols
979 3914 1015 3965 dc
1036 3913 1065 3965 la
1079 3912 1184 3978 phrase
1199 3913 1217 3964 a
1232 3913 1274 3964 la-

765 3984 860 4049 quelle
891 3984 926 4035 ils
956 3983 1194 4050 appartiennent.
1227 3985 1272 4036 Gi.

766 4056 819 4106 Ad.
840 4060 868 4108 87
891 4072 896 4106 :
919 4054 997 4104 Modo
1020 4054 1086 4118 quial
1109 4054 1274 4118 designavit!

766 4129 853 4178 Haut.
870 4127 914 4178 731
932 4145 937 4178 ;
954 4125 1067 4184 Audisti,
1078 4125 1156 4174 modo
1170 4126 1218 4175 iste
1230 4127 1275 4174 to-

767 4213 808 4246 mo
841 4213 922 4262 picam
954 4195 1047 4246 uillam
1084 4197 1274 4245 demonstrauit

768 4269 901 4318 Charini?
915 4273 944 4320 et
959 4267 1086 4320 ailleurs.

788 4395 813 4440 (·)
826 4394 864 4431 Les
877 4395 957 4439 a-parte
973 4395 1021 4430 sont
1036 4393 1132 4438 indicate
1149 4402 1185 4438 par
1196 4392 1231 4429 des
1241 4401 1275 4438 pa·

768 4440 879 4476 rectilocos.
