3050 5080
160 2505 186 2548 15

206 429 266 514 ΙΙΙ,
289 434 320 514 1,
343 433 422 498 7-16

650 435 827 500 *35-

1129 439 1275 506 287-996

319 608 427 696 Omne
443 627 537 718 quod
551 629 745 700 estinterea
759 635 898 722 tempus
916 635 1012 722 prius
1032 653 1137 722 quam
1154 612 1191 699 id
1205 655 1278 701 res·

676 746 816 815 oitdmst
833 747 974 814 lucrosi.

207 860 288 930 Pan.
313 842 360 932 tt
385 862 434 928 sie
462 861 563 929 eitius
589 865 650 952 qut
674 868 708 930 te
737 862 900 953 expedias
931 862 985 930 hts
1016 864 1191 931 aerumnis
1220 867 1278 932 re-

678 1000 805 1069 perros.

321 1094 451 1162 Sinon
477 1093 653 1176 rediisses
681 1095 767 1162 haec
792 1094 866 1161 irae
892 1094 1002 1162 114144
1031 1100 1145 1162 essent
1169 1095 1278 1162 multo

679 1209 876 1300 ampliores,

322 1324 392 1392 sed
404 1347 496 1391 nune
516 1323 703 1396 adventum
721 1329 818 1392 tuom
838 1324 970 1408 ambas,
993 1325 1189 1415 Pamphile,
1207 1325 1279 1394 seio

679 1439 900 1508 reverituraa

1214 1443 1279 1507 290

324 1557 410 1625 Rern
436 1578 636 1644 cognosces,
663 1559 751 1623 tram
775 1555 950 1647 expedies,
977 1559 1117 1623 rursum
1139 1557 1176 1623 tn
1199 1577 1281 1643 gra·

679 1673 765 1738 tiam
784 1673 956 1740 restitues

323 1787 428 1855 Levia
443 1794 534 1870 sunt,
552 1810 641 1877 quae
655 1789 694 1854 td
708 1787 893 1878 pergravia
911 1809 986 1874 esse
1007 1791 1043 1854 tn
1057 1788 1212 1854 animum
1231 1787 1283 1854 in·

682 1903 778 1970 duxti
796 1908 906 1971 tuom.

212 2019 295 2087 Pan.
324 2019 416 2102 Quid
443 2020 620 2087 consolare
645 2020 727 2086 me?
752 2025 796 2086 an
822 2020 1008 2108 quisquam
1026 2041 1174 2110 usquam
1194 2022 1282 2105 gen-

682 2135 801 2202 tiumst
820 2137 930 2223 aeque
950 2135 1083 2201 miser?

325 2250 424 2317 Prius
440 2250 646 2340 quambene
659 2272 802 2318 uxorem
816 2249 910 2334 duxi,
928 2249 1104 2317 habebam
1116 2250 1199 2318 alibi
1213 2250 1284 2316 ani-

683 2351 779 2431 mum
793 2366 903 2431 amori
924 2365 1081 2432 deditum
1103 2388 1110 2434 :

328 2483 456 2549 Tamen
476 2503 666 2570 numquam
685 2501 790 2548 ausus
811 2483 887 2547 siim
907 2502 1067 2548 recusare
1084 2486 1161 2548 eam
1180 2503 1286 2570 quam

683 2598 738 2664 mi·
751 2596 905 2663 obtrudit
924 2602 1024 2686 pater
1046 2619 1053 2665 :

325 2715 403 2781 Jam
422 2715 457 2780 in
480 2714 546 2780 luto
570 2736 619 2797 re,
648 2719 684 2779 ut
709 2719 854 2793 taceam,
881 2714 1016 2801 quotvis
1040 2713 1140 2779 facile
1166 2716 1287 2780 scitust

684 2850 789 2917 quam
807 2827 933 2894 fuertm
952 2829 1069 2894 miser.
1159 2835 1161 2840 ’

215 3050 723 3118 generalememenmauvaisepan,

217 3125 331 3177 Phorm.
343 3126 388 3178 593
403 3124 485 3176 :Tana
500 3125 549 3172 1144
564 3137 615 3172 esso
630 3121 669 3170 mi
679 3119 724 3170 ob-

211 3196 312 3261 J'eatum
327 3194 511 3252 4441444411.
537 3194 606 3245 610:
626 3192 725 3242 Hoeine

217 3267 248 3318 de
257 3267 401 3333 improviso
412 3266 480 3314 mihi
491 3264 557 3314 moti
567 3261 644 3326 objici
657 3263 725 3312 Tan-

218 3345 285 3390 tum.
307 3337 379 3390 Mais
399 3341 504 3390 Heaut.
523 3337 569 3387 186
585 3352 590 3387 :
610 3334 640 3383 Ut
655 3335 726 3382 hane

218 3411 347 3460 laetitiam
363 3424 409 3458 neo
424 3407 548 3472 opinanti
561 3406 668 3470 primas
680 3403 727 3453 ob-

214 3483 321 3546 jicerem
337 3480 417 3530 domi.
429 3507 459 3514 -
470 3477 561 3536 Latos,
573 3493 588 3524 <‹
603 3475 698 3540 peine,
712 3492 725 3524 ›>

218 3555 405 3605 «tourment.
420 3567 436 3599 »
647 3594 649 3600 .

249 3625 303 3675 288.
321 3623 374 3682 Sic,
384 3634 436 3685 par
449 3625 499 3672 ton
509 3618 724 3678 retour-Qui,

219 3710 233 3742 a
249 3693 276 3747 le
290 3705 396 3758 moyen
410 3693 475 3744 de...
493 3707 508 3740 ›>

249 3763 440 3822 19914144,
475 3767 505 3814 14
532 3760 666 3812 mereat
697 3763 727 3812 14

218 3837 335 3890 femme.

250 3908 304 3960 291.
324 3909 397 3958 Iram
409 3905 540 3970 expedies.
554 3903 688 3969 Erpedire
696 3915 727 3953 se

220 3980 264 4030 dit
282 3979 368 4030 d'une
387 3977 486 4029 affaire
501 3976 633 4037 diffinite,
648 3987 728 4027 oom-

221 4051 343 4116 plique'e,
360 4062 416 4114 que
430 4048 487 4100 l⁷on
499 4046 675 4109 debrouitle3
692 4045 728 4096 de

220 4123 257 4186 le,
281 4139 296 4170 «
318 4134 464 4185 arrenger,
483 4138 497 4170 »
517 4118 694 4180 «terminer,
713 4134 727 4165 ›>

221 4194 319 4245 «taire
334 4205 440 4243 cessar.
458 4210 471 4240 »

251 4267 307 4317 293.
324 4263 394 4323 Ouid
403 4261 540 4312 consolare
549 4262 606 4310 met
617 4274 630 4308 <‹
643 4261 729 4311 Pour-

221 4337 287 4400 quoi
297 4334 452 4388 assatos-tu
463 4333 498 4385 de
505 4345 551 4384 me
558 4330 727 4383 consoler‘t»

224 4405 262 4458 cf.
278 4407 331 4459 Ad.
349 4407 455 4458 144-145
467 4419 473 4458 :
486 4405 570 4464 Quom
579 4403 666 4468 piaco,
679 4401 729 4452 ad-

1220 2599 1285 2664 295

781 3063 872 3098 versor
892 3047 981 3098 sedato
1006 3053 1030 3096 et
1053 3047 1170 3098 deterreo
1193 3052 1216 3106 t«
1240 3046 1288 3113 j'ai

779 3121 854 3170 beau
873 3118 971 3172 1941141
990 3117 1054 3172 de..
1071 3120 1104 3182 a),
1125 3118 1288 3168 Temeneia

780 3191 897 3240 lauriane
912 3190 1026 3255 patitur.

811 3265 865 3314 294.
881 3261 1014 3311 Habebam
1025 3262 1147 3310 animum
1159 3259 1287 3310 deditam.

781 3335 820 3384 Lu
829 3333 994 3397 periphrase
1005 3331 1045 3382 du
1054 3331 1193 3398 participe
1204 3329 1290 3396 passe

781 3403 875 3468 passis
882 3415 953 3454 avec
967 3403 1049 3452 babeo
1061 3415 1183 3466 marque
1192 3402 1221 3454 14
1236 3401 1291 3453 du-

781 3474 829 3526 rae
846 3474 914 3526 d'un
930 3474 983 3526 1411
1000 3473 1155 3538 accompli,
1174 3486 1214 3523 un
1229 3474 1290 3528 etat

782 3545 833 3609 qui
862 3559 892 3595 so
919 3543 1070 3609 prolonge,
1100 3558 1141 3596 un
1166 3541 1290 3596 resultat
1382 3602 1384 3606 Α

768 3616 891 3680 ecquis.
921 3643 952 3652 -
974 3615 1061 3674 Alibi,
1087 3630 1101 3662 <‹
1128 3614 1291 3680 uilleurs,›>

782 3686 955 3740 dest-edire
964 3702 970 3736 z
980 3701 994 3734 «
1004 3685 1121 3750 etpour)
1136 3684 1291 3738 Bacchis.»

782 3758 822 3811 ef.
845 3761 890 3810 169
913 3762 941 3808 41
962 3755 990 3808 14
1010 3762 1093 3820 note,
1109 3761 1138 3808 et
1154 3757 1221 3822 plus
1238 3755 1291 3806 bes

782 3831 1019 3891 mmmm

813 3904 868 3952 295.
895 3901 1061 3963 Numquam.
1082 3899 1122 3952 Cf.
1148 3899 1192 3949 861
1216 3901 1246 3949 et
1265 3897 1292 3948 14

782 3977 858 4024 note.
873 3999 905 4009 -
918 3971 1050 4030 Obnudit,
1062 3969 1182 4034 present
1198 3967 1292 4020 histo-

784 4043 874 4107 rique.
892 4042 1037 4092 Obtradere
1050 4040 1133 4090 alicui
1147 4063 1178 4082 =
1192 4056 1208 4089 «
1221 4039 1293 4091 don-

783 4126 835 4164 ner
849 4113 947 4178 (tamil.
969 4130 1002 4164 :«
1017 4112 1165 4175 fourrer»)
1181 4111 1198 4164 4
1215 4109 1294 4173 auel-

783 4184 874 4249 qu'un
883 4183 994 4248 malgre
1004 4182 1056 4234 lui.
1064 4199 1077 4232 ›>
1085 4182 1124 4234 ef.
1135 4181 1225 4235 Andr.
1232 4181 1291 4234 250:

784 4259 824 4306 Ea
833 4257 961 4320 quoniam
971 4255 1075 4304 nemini
1083 4252 1192 4303 obtrudi
1198 4257 1292 4318 potest.

814 4331 868 4381 296.
899 4328 929 4378 Ut
954 4334 1065 4377 taceam.
1091 4326 1122 4375 Ut
1138 4347 1169 4368 =
1190 4339 1205 4373 a
1225 4336 1294 4388 sup-

784 4401 853 4465 pose
866 4412 931 4464 que,
945 4415 959 4448 >›
971 4415 985 4448 <‹
1000 4397 1137 4462 quoique,
1149 4394 1293 4452 semema
