3086 5092
189 429 566 514 iv,a,15-1c,t,1-ta
640 473 681 482 -
706 434 742 496 ri
768 472 811 480 -
1105 433 1254 501 icat-aaa

135 645 161 686 15
206 599 207 602 Ἴ
279 627 414 712 Sumus,
437 629 629 720 anphile,
655 659 670 690 «
693 653 796 697 senex
817 636 919 720 atque
940 653 1037 698 anus.
1061 661 1076 692 a

280 743 1253 838 SedvideoPhidippumegrediperte'mpusaccedimus.

393 1151 613 1198 *ruintrrus
646 1152 784 1198 LAGHES
817 1152 1024 1198 PAMPHILUS

473 1286 563 1332 sutilis
705 1287 725 1330 ll
818 1285 1011 1334 ADULESCENS

80 1495 165 1558 iit
186 1489 245 1555 Pa.
274 1488 350 1554 Tibi
369 1511 507 1578 quoque
528 1488 652 1578 edepol
672 1511 748 1554 sum
767 1492 886 1570 iratuS,
910 1489 1126 1572 Philumena,

278 1603 436 1672 Graviter
455 1604 611 1693 quidem;
634 1625 714 1670 narn
732 1604 850 1671 hercle
869 1604 1031 1672 factumst
1050 1606 1113 1672 abs
1133 1612 1165 1672 te
1186 1611 1257 1674 tur-

722 1721 824 1811 pitcr.

277 1835 351 1901 Etsi
368 1836 432 1901 tihi
452 1844 587 1903 causasi
606 1836 648 1902 de
668 1836 786 1902 hacne
804 1858 812 1903 :
835 1841 996 1905 materie
1015 1838 1164 1928 impulit.
1192 1840 1256 1904 625

243 2008 247 2018 .
279 1952 365 2018 Huic
384 1956 467 2019 vero
486 1952 624 2018 nullast.
647 1950 707 2018 La,
731 1933 933 2042 Opportune
955 1958 988 2019 ie
1009 1955 1105 2038 mihi,

147 2094 161 2134 a
278 2068 462 2157 Phidlppe‚
484 2067 614 2157 inipso
634 2071 792 2158 tempore
812 2068 975 2135 ostendis.
994 2070 1054 2136 Pu.
1073 2068 1165 2151 Quid
1184 2073 1256 2138 esi?

191 2186 260 2273 (Pi.
276 2186 367 2267 Quid
385 2184 605 2275 respondebo
624 2184 700 2252 his?
715 2189 774 2252 aut
789 2208 857 2275 quo
872 2191 974 2277 pacto
986 2188 1051 2253 hoc
1067 2188 1254 2278 dperianii')

188 2300 248 2368 Li.
275 2302 338 2368 Dic
357 2301 450 2367 filiae
470 2322 528 2368 rus
549 2306 790 2368 cdnccssuram
809 2302 891 2369 hinc
912 2302 1102 2370 Sdstratam
1126 2326 1134 2372 z

277 2419 327 2484 Ne
347 2422 558 2499 revereatur,
572 2421 685 2484 minus
702 2418 775 2504 jam
796 2442 864 2508 quo
886 2419 1006 2486 redcat
1025 2419 1177 2487 domum.
1192 2421 1252 2486 Pa.

571 2573 574 2605 ι
723 2535 790 2617 Ah,
1191 2536 1256 2602 630

131 2685 159 2728 40
186 2610 233 2666 k„
276 2645 414 2717 Nullam
434 2651 476 2718 de
496 2650 550 2728 his
570 2651 674 2717 rebus
695 2651 835 2741 culpam
854 2656 1058 2718 commeruit
1076 2658 1136 2718 tua
1157 2675 1163 2720 :

275 2767 305 2833 A
325 2766 477 2854 Myrrina
496 2767 582 2833 haec
603 2773 682 2882 spni
701 2772 778 2834 mea
798 2791 904 2834 uxore
924 2774 1042 2835 exorta
1061 2769 1186 2835 emnia.

193 2883 261 2972 (Pi.
275 2883 417 2952 Mutatio
437 2882 501 2973 fit.)
522 2883 582 2949 Pa.
605 2883 654 2949 Ea
674 2906 735 2950 nos
756 2885 949 2974 perturbet,
972 2883 1097 2951 Lache.

189 3143 291 3194 Fabula
315 3157 409 3193 sumus
437 3149 483 3196 etc.
518 3159 531 3190 t<
554 3145 632 3194 Nous
658 3156 696 3194 ne
750 3145 818 3196 631:
840 3143 953 3194 Nullam
978 3144 1009 3193 de
1035 3144 1077 3193 itis
1097 3143 1174 3195 rcbtts
1202 3146 1260 3195 col-

190 3228 317 3268 sommes
327 3214 394 3280 pius
408 3216 482 3266 bons
495 3214 562 3278 qu'a
583 3213 654 3266 faire
669 3213 696 3265 ie
749 3231 814 3280 pam
829 3216 983 3266 commeruit
997 3224 1053 3264 tua.

190 3288 267 3353 sujet
283 3287 351 3339 d'un
366 3291 468 3339 conte:
483 3284 505 3338 ii
517 3301 535 3350 y
545 3285 624 3338 avait
639 3299 696 3338 une
781 3291 835 3340 626.
853 3288 931 3347 Huic,
949 3300 988 3339 sc.
1004 3288 1096 3337 matri.

189 3359 244 3411 fois
259 3359 403 3411 unvieux
418 3362 519 3410 etune
534 3357 669 3409 vieille.»
781 3360 836 3410 628.
855 3359 922 3419 Hoc,
951 3358 977 3410 le
1005 3358 1148 3410 veritabie
1176 3361 1262 3412 motii

219 3433 274 3484 iiii.
294 3432 380 3482 senec
399 3437 477 3495 atque
497 3445 574 3479 anus.
590 3431 697 3481 «Haec
751 3442 823 3494 pour
849 3429 944 3494 iequei
970 3429 992 3480 il
1024 3431 1120 3482 reiuse
1149 3430 1185 3483 de
1211 3445 1258 3484 re-

188 3501 245 3554 duo
260 3503 389 3567 nomina,
402 3507 435 3555 ut
449 3502 544 3567 posita
556 3505 635 3560 sunt,
650 3512 698 3552 ca·
750 3500 872 3565 prendre
883 3513 915 3553 sa
929 3501 1046 3554 femme.

189 3580 242 3640 put
274 3574 405 3626 indicant
440 3579 470 3626 et
501 3573 696 3637 inceptionem
781 3574 838 3626 630,
857 3574 976 3624 Minus...
1014 3587 1078 3638 quo,
1110 3573 1259 3627 inversion

188 3647 278 3713 hujus
293 3645 372 3698 modi
384 3645 697 3697 fabularum.Pronun-
750 3657 823 3710 pour
834 3646 990 3708 quominus:
1010 3646 1100 3694 mimis
1114 3645 1190 3698 n’est
1207 3658 1259 3711 pas

189 3719 231 3770 iia
248 3733 330 3768 senec
347 3723 426 3781 cique
440 3732 510 3766 ottus
531 3716 616 3780 quasi
641 3715 697 3767 ini·
750 3729 852 3768 encore
879 3716 1067 3768 e'troitement
1095 3715 1133 3768 lie
1159 3717 1177 3769 a
1205 3733 1258 3782 quo

189 3791 264 3843 tium
278 3789 402 3841 fabulae.
419 3805 434 3838 »
449 3788 573 3852 [Donati.
750 3789 824 3840 dans
835 3787 865 3840 ia
875 3787 971 3840 vieille
981 3788 1097 3853 langue.
1113 3789 1154 3839 Ci.
1168 3789 1257 3842 Andr.

218 3865 273 3916 622.
292 3863 345 3911 Per
366 3867 470 3926 tempus
483 3882 513 3901 =
534 3865 693 3925 opportune.
750 3860 814 3912 197:
830 3875 880 3926 quo
894 3861 963 3923 finni
977 3861 1075 3912 minus.
1091 3888 1121 3896 -
1138 3861 1259 3910 Revereri

189 3935 230 3988 ci.
244 3934 334 3987 Andr.
350 3936 403 3986 783.
750 3937 796 3984 est
810 3931 954 3984 construit
965 3945 1034 3984 avec
1046 3933 1188 3997 quominus
1198 3932 1258 3984 d'a-

218 4009 272 4061 ota.
290 4005 430 4070 Phidippe
449 4003 529 4070 peric
547 4003 606 4056 aia
626 4016 695 4056 can·
750 4006 817 4072 pres
826 4005 1043 4078 I'anaiogieldcs
1053 4006 1155 4058 vernes
1170 4005 1259 4057 d'em-

188 4080 303 4136 ionade.
752 4077 933 4144 pechement.
958 4079 991 4128 V.
1008 4076 1160 4140 Riemann,
1184 4076 1257 4141 Syn-

218 4155 273 4206 cat.
296 4153 432 4201 Factumsi
455 4148 580 4213 turpiter,
598 4161 636 4200 on
650 4161 697 4200 ca·
752 4155 823 4208 tace,
838 4149 924 4212 3190,
938 4148 1041 4200 remi.

189 4225 275 4277 charit
298 4222 326 4275 la
340 4221 495 4274 naissance
514 4218 550 4271 de
571 4232 625 4271 son
639 4218 695 4271 iila.
781 4222 835 4272 631.
853 4219 917 4276 Tua,
934 4233 972 4271 sc.
989 4235 1068 4269 umor.

188 4295 228 4349 ui.
244 4298 299 4358 657,
311 4294 425 4347 666661.
644 4313 647 4318 ·
781 4293 836 4343 632.
851 4290 965 4341 Exorta.
981 4291 1021 4343 Cf.
1037 4291 1091 4352 613,
1107 4293 1162 4342 298.

219 4369 274 4420 625.
292 4367 387 4426 Causa,
406 4379 493 4418 «une
509 4377 696 4417 excuse.»-
781 4363 836 4415 633.
867 4364 981 4414 Mutatio
1010 4363 1049 4425 fit,
1077 4378 1091 4412 <t
1122 4364 1199 4429 Goup
1222 4363 1257 4420 de

188 4440 224 4493 iic
244 4438 294 4489 itae
312 4453 350 4502 re,
372 4451 441 4492 «en
458 4442 522 4490 tout
542 4436 609 4491 ccci.
627 4437 694 4492 aiii.
751 4436 876 4492 theatro!
895 4453 908 4486 »
