3086 5092
267 429 304 510 v,
327 429 359 511 2,
381 430 458 494 7-17
707 469 750 478 -
774 427 817 494 84
844 469 884 478 .-
1181 429 1326 498 rus-rso

262 625 322 692 Bi,
353 626 504 692 Ancillas
524 625 614 692 dedo
637 648 643 694 :
668 625 836 714 quolubel
856 627 1011 693 crucilia
1022 647 1086 715 por
1096 647 1151 691 me
1171 629 1323 714 exquire.

351 741 443 809 Haec
463 746 517 808 res
538 741 593 807 hic
612 741 745 827 agitur:
764 741 947 831 Pamphilo
960 741 1136 808 meiacere
1152 747 1189 808 nt
1208 741 1327 808 redeat

353 871 354 878 ’
772 861 858 924 uxor

352 973 496 1064 Oportet
540 997 546 1042 :
587 973 679 1063 quod
707 961 750 1040 'si
788 972 948 1063 perficio,
984 995 1051 1040 non
1089 973 1243 1064 paenitet
1270 997 1324 1042 me

771 1088 903 1171 simae,
1261 1092 1325 1157 775

209 1235 234 1276 io
353 1207 469 1274 Soliim
510 1207 689 1273 fecisseid
727 1208 822 1296 quod
859 1208 946 1275 uliae
979 1214 1177 1277 meretrices
1211 1213 1324 1278 facere

774 1324 935 1411 fugitant.
1261 1347 1269 1375 ¹

158 1469 161 1476 ²
262 1441 321 1508 Ln.
352 1441 534 1530 Phidippe,
557 1446 692 1508 nostras
707 1441 870 1508 mulieres
891 1446 1068 1533 suspectas
1087 1443 1192 1510 fuisse
1211 1443 1298 1510 filso

349 1558 456 1624 Nobis
475 1559 510 1623 in
526 1581 564 1624 re
583 1559 659 1646 ipsa
677 1557 870 1636 invenimus
893 1581 900 1628 :
923 1581 1028 1648 porro
1048 1559 1137 1627 hinc
1156 1583 1247 1627 nunc
1267 1583 1324 1627 ex-

771 1675 958 1764 periimus.

349 1791 435 1858 Nam
455 1795 483 1857 si
503 1789 710 1879 eonspereril
729 1790 861 1856 crimini
880 1795 940 1856 lua
960 1813 995 1856 se
1016 1794 1101 1857 uxor
1120 1790 1320 1873 credidisse,

347 1907 485 1976 Missam
506 1911 593 1972 inam
606 1905 724 1988 facici3
745 1910 809 1989 siu,
832 1911 869 1972 ut
888 1912 951 1991 esi,
970 1907 1015 1973 ob
1030 1913 1107 1974 eim
1122 1929 1196 1974 rem
1216 1910 1322 1975 iratus

768 2028 919 2108 gnitum,
1258 2027 1322 2092 780

204 2174 229 2216 15
349 2140 449 2224 Quod
481 2141 617 2231 pe'perit
636 2161 722 2206 uxor
749 2139 850 2222 clam,
877 2139 914 2204 id
941 2140 1049 2206 levesi
1079 2161 1086 2208 :
1116 2141 1183 2207 cilo
1211 2140 1254 2206 eh
1284 2162 1324 2206 eo

766 2255 852 2323 haec
871 2255 923 2321 ira
942 2255 1118 2323 abscedet.

346 2373 504 2440 Proiecto
541 2373 577 2438 in
609 2372 674 2438 hac
708 2394 744 2437 re
763 2372 812 2436 nil
840 2371 965 2452 mensi,
997 2371 1092 2462 quod
1118 2376 1161 2439 sii
1180 2372 1324 2440 discidio

770 2487 925 2574 dignum.

256 2610 315 2676 ΡΗ.
348 2605 460 2676 Velim
480 2605 620 2696 quidem
639 2604 769 2672 hercle.
792 2604 849 2670 m.
874 2604 1022 2693 Exquire
1049 2627 1055 2672 :
1081 2605 1179 2672 adest
1201 2627 1208 2672 ε
1231 2604 1323 2694 quod

769 2722 852 2788 sitis
870 2721 924 2802 sit,
946 2721 1049 2788 faciet
1067 2725 1154 2811 ipsa.

285 3013 339 3062 773.
362 3006 482 3059 Ancillas
500 3005 564 3056 dedo
582 3010 628 3056 etc.
640 3006 720 3057 Dans
734 3003 761 3056 le
816 3006 844 3058 ia
854 3009 962 3057 nole-
969 3005 1063 3055 Facete
1073 3004 1201 3069 [epiterii.
1215 3001 1321 3058 ulmi:

254 3081 330 3134 droit
356 3078 469 3142 altique
492 3089 604 3129 comme
633 3075 706 3128 dans
733 3075 761 3128 le
814 3078 891 3144 parsi
902 3077 1021 3142 perdere.

254 3153 328 3205 droit
343 3150 463 3210 romain,
476 3149 502 3200 le
515 3148 701 3213 te'moignage
710 3145 762 3199 des
846 3151 900 3201 778.
912 3149 944 3197 In
953 3164 982 3198 re
989 3148 1214 3212 ipsemecum,
1228 3161 1323 3200 «nous

255 3225 382 3277 esclaves
398 3222 504 3273 n'avait
525 3220 561 3271 de
584 3218 684 3270 veleur
704 3230 761 3282 que
815 3233 906 3272 avons
923 3220 1079 3273 descuvert
1097 3219 1171 3272 dans
1189 3220 1260 3284 (par)
1280 3219 1322 3272 les

252 3294 384 3360 lorsqu'ii
394 3292 471 3346 avait
487 3290 533 3344 ete'
543 3290 663 3343 arrache
677 3290 762 3355 paria
815 3293 882 3344 faits
897 3291 1016 3344 memes
1033 3307 1091 3340 s—
1103 3291 1180 3341 Hanc
1194 3291 1322 3356 emperia-

254 3372 372 3421 ioriure.
383 3364 423 3419 Gi.
439 3363 492 3416 Ad.
509 3364 625 3415 482-483.
641 3361 697 3415 Cic.
709 3374 760 3426 pro
815 3379 886 3427 mur,
899 3378 912 3409 c
927 3363 945 3414 i.
962 3377 986 3414 e.
1003 3368 1114 3412 utamur
1130 3377 1212 3428 opera
1226 3363 1290 3428 ejus.
1308 3379 1322 3413 t

253 3439 356 3492 Roscio
370 3441 466 3488 Amer.
482 3437 573 3497 nsit:
589 3439 619 3483 ul
634 3447 721 3484 seruos
730 3433 760 3482 in
816 3436 940 3501 [Donati

254 3511 434 3578 quaestionem
454 3507 640 3573 polliceantur.
661 3531 691 3542 -
708 3505 760 3554 Per
845 3509 899 3559 779.
917 3506 1039 3565 Crimini,
1056 3521 1071 3554 e
1087 3505 1104 3558 ὲ
1118 3517 1177 3558 une
1194 3519 1265 3570 pure
1279 3518 1322 3558 ca-

254 3600 293 3634 me
310 3599 324 3632 «
341 3583 396 3634 hoc
411 3585 465 3642 est,
489 3595 530 3629 me
551 3577 760 3644 permittentes
813 3579 931 3632 lomnie.
953 3593 967 3626 »
990 3575 1098 3627 Crimen
1126 3581 1172 3629 est
1198 3576 1258 3642 pris
1285 3577 1322 3628 ici

254 3655 377 3722 [Donat].
393 3681 422 3690 -·
438 3652 559 3716 nequire
575 3672 605 3692 =
621 3650 761 3715 exquirere
814 3651 888 3703 dans
901 3649 929 3701 le
944 3660 1011 3700 sens
1026 3646 1170 3713 pregnanl
1181 3647 1322 3712 (=[ulsttm

253 3729 300 3779 tibi
314 3728 380 3778 ticet.
814 3722 944 3785 crimem:
965 3735 979 3768 <‹
997 3732 1055 3771 une
1080 3720 1250 3772 accusation
1271 3720 1322 3784 qui

284 3803 337 3852 775.
362 3798 425 3849 Non
450 3795 569 3861 paenitet
587 3809 629 3844 me
653 3794 757 3856 samoe,
814 3795 889 3847 n'est
901 3790 1194 3857 qu'uneaccusation
1213 3804 1321 3844 »eune

253 3875 318 3924 «Je
345 3868 403 3921 n’ai
428 3880 480 3933 pas
508 3867 526 3919 a
555 3877 602 3918 me
627 3863 759 3930 plaindre
813 3864 983 3918 accusation
997 3874 1066 3914 sans
1081 3861 1259 3914 iondement.
1276 3878 1290 3910 ›>

252 3943 368 4003 de...‚>›‹<
381 3941 411 4006 je
424 3938 486 3991 suis
499 3937 640 3991 salisiaite
655 3936 731 4000 de...‚
744 3953 758 3986 »
845 3938 898 3990 780.
918 3937 1027 3986 Missam
1039 3935 1111 3983 irunt
1123 3933 1319 3997 faciet.Ci.408.

253 4014 330 4080 «j'ai
344 4013 401 4064 lieu
424 4009 513 4068 d'etre
531 4009 601 4062 fiere
618 4010 709 4062 de...»
724 4011 758 4060 V.
813 4035 844 4046 -
863 4009 893 4060 Ut
912 4014 961 4069 est,
982 4021 996 4054 <t
1020 4017 1133 4057 comme
1156 4006 1176 4058 il
1199 4005 1265 4057 I'est
1283 4018 1320 4057 en

253 4084 335 4138 Brea]
347 4089 377 4137 el
391 4082 489 4148 Bailly,
505 4081 692 4133 Dictionnuire
702 4081 759 4145 e'ly-
814 4079 949 4144 melitem
962 4094 976 4126 <t
990 4089 1102 4129 comme
1117 4078 1188 4130 c'esi
1200 4076 1226 4129 le
1240 4089 1320 4127 cas.»

255 4157 401 4222 ›noloqique
414 4155 490 4214 latin,
502 4167 541 4206 au
554 4157 615 4205 mot
629 4152 757 4203 Paenitet.
844 4154 898 4205 783.
917 4151 1005 4212 Adest,
1020 4161 1059 4198 sc.
1078 4149 1196 4199 Bacchis.
1208 4147 1321 4208 -Quod

284 4232 339 4281 776.
365 4227 456 4279 Solam
476 4227 575 4290 fecisse,
601 4230 646 4274 ele.
676 4227 759 4276 Celte
813 4224 878 4274 satis
897 4223 932 4272 sil
951 4227 1009 4280 ete„
1027 4234 1042 4268 t<
1058 4219 1075 4270 i.
1090 4233 1115 4272 e.
1132 4217 1269 4285 quicquid
1283 4217 1320 4270 ad

253 4300 432 4366 proposition
445 4295 711 4362 infinitivede'pend
723 4295 758 4348 de
813 4295 929 4362 plenam
953 4293 1033 4346 ducit
1054 4292 1265 4359 purgationem,
1279 4290 1318 4341 ia·

253 4372 335 4424 i’ide'e
363 4371 478 4424 verbale
500 4368 661 4422 reniermee
685 4367 758 4420 dans
813 4366 876 4419 ciet.
891 4381 905 4416 o
920 4366 1043 4430 [Donatl.

252 4444 336 4507 sumu.
351 4443 390 4497 Gi.
409 4444 463 4495 752.
481 4440 599 4490 -Aliae
616 4439 657 4493 Gi.
668 4440 714 4492 200
729 4443 758 4490 ei
