3050 5080
259 397 459 484 1‚1‚1r-18‚
473 403 505 482 2,
519 403 598 466 1-12
701 441 745 451 -
769 404 812 468 rt
834 442 878 452 -
1222 370 1324 470 rin

346 594 444 662 Eheu
467 617 522 662 me
542 596 715 680 miseram,
737 602 826 687 quor
845 619 912 664 non
932 603 990 664 aut
1010 598 1118 664 161666
1137 597 1223 664 mihi
1313 639 1317 648 ·

345 711 451 778 Aetds
471 717 504 777 et
522 711 665 779 formast
684 715 744 780 adt
757 712 822 779 tibi
840 714 926 780 11666
944 714 1114 781 sententie
1136 715 1142 780 t
1280 716 1325 779 75

526 1035 700 1081 PARMENO
746 1037 920 1082 PHILOTIS
967 1037 1057 1083 SYRA

551 1150 666 1196 SERVOS
749 1151 909 1196 MERETRIX
971 1152 1050 1197 ANUS

167 1354 225 1429 11
255 1351 313 1418 ΡΛ.
347 1350 458 1418 Senex
478 1351 506 1418 si
526 1355 668 1441 quaeret
683 1356 750 1434 me,
773 1352 875 1419 modo
896 1352 964 1419 isse
984 1352 1088 1418 dicito

342 1466 397 1532 Ad
415 1471 556 1556 portum
574 1471 814 1556 percontetum
829 1467 1017 1534 adventum
1035 1467 1222 1556 Pamphili.

343 1582 458 1650 Audin
477 1582 563 1672 quid
585 1582 710 1665 dicam,
730 1581 839 1649 Seirte
855 1584 871 1646 ?
890 1583 918 1649 si
939 1588 1084 1673 queere't
1103 1605 1171 1664 me,
1195 1583 1248 1650 uti

342 1698 430 1763 Tum
450 1697 561 1780 dicas3
585 1699 701 1765 sinon
721 1700 877 1788 quaeret,
893 1699 1010 1764 nullus
1030 1699 1168 1780 dixeris,

212 1838 225 1878 5
341 1812 436 1880 Aliis
456 1819 494 1879 ut
513 1813 564 1879 uti
582 1814 723 1902 possim
735 1835 840 1880 eausa
857 1814 923 1880 hae
942 1818 1088 1900 integre.
1279 1815 1325 1880 8u

343 1928 412 1995 Sed
430 1928 556 1996 videon
576 1950 641 2014 ego
660 1927 875 1995 Philotium?
894 1929 985 1995 unde
1009 1931 1094 1996 haee
1116 1930 1255 1996 advenit
1274 1931 1294 1994 ‘i'

339 2045 498 2127 Philotis,
521 2046 615 2111 solve
636 2046 795 2112 mdltum.
817 2047 877 2112 Pu.
902 2039 1057 2127 066166,
1082 2047 1266 2113 Parmeno

253 2159 308 2228 Sr.
342 2159 444 2228 Salve
464 2166 644 2256 morosior,
667 2160 847 2228 Pormeuo.
870 2163 930 2229 ΡΑ.
945 2162 989 2228 Et
1007 2166 1045 2228 tu
1064 2162 1202 2253 edepol,
1219 2163 1322 2250 Syre„

338 2275 400 2343 Die
419 2277 479 2359 mi,
497 2277 569 2370 ribi,
592 2275 749 2359 Philotis,
772 2283 804 2343 te
822 2276 1002 2343 oblectasti
1022 2280 1094 2342 tem
1114 2276 1198 2343 diu?

195 2416 223 2459 ro
249 2392 308 2460 Pu.
340 2393 491 2460 Minume
504 2391 666 2482 equidem
682 2415 736 2459 me
752 2392 934 2475 obleotdvi,
949 2415 1037 2482 quoe
1057 2415 1137 2459 oum
1157 2394 1264 2460 milite
1276 2395 1323 2461 85

337 2507 538 2576 CorInthum
558 2507 637 2574 hine
658 2531 734 2574 sum
757 2508 912 2598 profecte
929 2508 1229 2575 inhumanissumo
1253 2531 1259 2576 :

338 2623 520 2692 Biennium
538 2623 587 2689 ihi
607 2628 814 2714 perpetuom
833 2625 961 2690 misere
979 2625 1081 2690 illdm
1101 2624 1176 2692 tuli.

278 2891 316 2940 71.
336 2888 757 2954 0666,1666661611616666666
842 2892 881 2940 77.
901 2891 943 2940 Ad
953 2899 1073 2955 portum,
1090 2903 1128 2942 au
1143 2890 1232 2943 Piree.

246 2976 304 3012 cur,
326 2988 358 2996 —
380 2961 471 3010 Istaec.
502 2961 553 3009 Iste
579 2964 624 3011 est
648 2958 675 3010 16
701 2960 753 3011 (16-
841 2963 986 3014 teredio
1011 2963 1077 3028 quid
1102 2962 1212 3012 dicam?
1240 2977 1253 3010 <r
1277 2963 1320 3014 Tu

245 3031 415 3084 monstratis
429 3031 464 3083 de
490 3030 519 3083 16
537 3035 564 3082 2⁰
586 3045 752 3096 personne:
808 3032 973 3085 m'entends
985 3033 1230 3085 uteret-Scire.
1244 3034 1321 3086 C'est

246 3103 267 3156 il
286 3115 407 3166 marque
433 3116 474 3154 un
495 3107 613 3167 rapport
634 3117 703 3155 avec
725 3103 754 3156 16
808 3102 1324 3169 1666166666166666161661666.-

245 3174 421 3240 personnee
448 3173 500 3237 qui
517 3173 574 3224 l'on
596 3175 691 3239 perle;
709 3175 753 3224 hir
811 3175 853 3223 Uti
875 3179 920 3232 616,
937 3176 1002 3239 ‹<(je
1017 3175 1103 3236 veux)
1127 3187 1217 3238 que...
1235 3191 1249 3222 »
1273 3176 1317 3226 Gt.

245 3251 291 3300 est
300 3246 329 3298 16
338 3243 547 3298 demonstratis
559 3245 594 3297 de
607 3244 635 3296 16
650 3247 754 3310 ruper-
807 3248 839 3297 66
860 3250 889 3297 61
907 3245 935 3296 16
949 3250 1028 3298 note.

244 3330 358 3370 sonno:
383 3318 403 3369 il
428 3329 549 3380 maique
570 3331 611 3367 un
635 3323 752 3382 rapport
838 3316 997 3368 7111161166
1021 3315 1317 3368 616661616116661

244 3401 313 3440 aveo
339 3388 414 3440 celui
444 3388 493 3452 qui
522 3387 609 3452 parte.
639 3386 662 3438 11
689 3387 752 3438 faut
808 3387 874 3452 plus
885 3388 1004 3451 forique
1016 3387 1044 3438 16
1053 3387 1156 3453 simple
1166 3387 1317 3452 rogation.

244 3460 321 3512 tenir
335 3459 405 3512 bien
419 3464 532 3523 compte
548 3460 584 3510 de
598 3463 675 3510 cette
697 3458 752 3509 dif—
809 3461 888 3511 cette
927 3458 1056 3510 locution
1096 3463 1142 3511 est
1173 3458 1211 3508 dn
1242 3458 1320 3523 style

243 3531 358 3585 1616666
373 3531 471 3595 quand
485 3544 523 3582 on
537 3530 708 3582 1111666666
722 3534 751 3581 61
807 3530 939 3582 familier.
967 3530 1007 3581 Cf.
1034 3530 1122 3581 Andr.
1152 3532 1207 3582 370.
1240 3530 1314 3580 Eun.

243 3616 280 3655 en
308 3601 425 3667 generet
453 3602 495 3653 les
524 3606 644 3653 auteurs
673 3600 709 3651 de
722 3599 750 3652 16
806 3603 859 3652 716.

242 3675 338 3726 bonne
352 3672 477 3726 latinite.
493 3701 523 3710 —
533 3675 588 3724 Les
599 3685 663 3725 vers
673 3675 750 3724 71-75
836 3675 875 3725 811.
895 3672 992 3732 Causa,
1008 3685 1174 3724 «excuse»
1195 3700 1227 3710 —
1247 3674 1316 3721 lute-

242 3744 404 3810 rappellent
432 3745 459 3796 le
483 3743 621 3808 proverbe
651 3761 657 3793 :
682 3759 697 3791 «
721 3744 750 3795 Si
805 3759 866 3807 pra,
887 3747 996 3796 «toute
1022 3755 1126 3807 neure,
1139 3761 1153 3792 »
1167 3759 1180 3792 «
1196 3745 1315 3808 n'ayent

239 3817 378 3881 jeunesse
405 3815 512 3868 savaitt
547 3813 571 3865 si
603 3814 750 3867 vieillesse
803 3815 910 3879 jamnis
925 3816 1008 3867 servi.
1025 3831 1039 3862 »

241 3887 401 3954 pouvaiti»
835 3887 874 3938 81.
894 3886 1049 3945 Philotium,
1066 3885 1220 3938 diminutis
1232 3884 1319 3936 fami-

272 3961 311 4010 75.
345 3958 497 4013 Sententia,
522 3973 536 4004 «
562 3956 693 4009 mentire
714 3957 750 4008 (16
803 3955 858 4008 tier
883 3957 918 4010 de
933 3957 1053 4007 Philotis.
1070 3985 1100 3994 —
1117 3957 1315 4008 Ηα66,<((111111

242 4041 356 4095 pensor,
373 4028 613 4080 »«sentiments.
630 4044 644 4076 t>
804 4027 931 4092 quodam
957 4032 1129 4092 contemptu
1157 4028 1221 4092 ejus
1251 4029 1315 4076 haer

272 4103 311 4152 76.
328 4099 490 4151 Parmenon
506 4103 567 4150 sort
581 4098 617 4151 de
630 4098 659 4150 16
673 4100 748 4151 mei·
804 4099 874 4151 dicit
896 4102 1045 4151 Parmeno
1076 4115 1090 4148 ›>
1118 4100 1240 4162 [Donati.
1270 4099 1313 4150 Gi.

241 4183 296 4222 son
318 4170 353 4223 de
379 4169 489 4222 Laches
516 4174 545 4222 61
576 4171 655 4234 parle
679 4172 696 4223 1
720 4171 749 4222 16
803 4172 857 4224 807.

240 4243 410 4295 6661666116.
425 4271 455 4279 -
470 4243 565 4301 sinae,
582 4241 701 4294 1661166.
713 4245 746 4294 V.
833 4245 872 4294 86.
891 4241 1132 4291 Initumanissumo
1160 4246 1206 4293 est
1219 4240 1310 4306 reJ'ete'

240 4315 357 4367 189-190.
384 4343 416 4352 -
443 4315 503 4374 isse,
532 4317 679 4365 sous-ent.
698 4328 746 4364 me.
802 4311 964 4365 11611616
980 4325 1046 4364 vers
1061 4316 1090 4364 et
1102 4313 1137 4364 de
1151 4311 1181 4365 16
1196 4313 1314 4378 phrase,

239 4386 325 4438 (1162
340 4390 369 4438 et
383 4386 411 4439 16
422 4391 503 4438 note.
802 4397 834 4436 66
849 4383 900 4448 qui
914 4382 941 4436 le
956 4389 1017 4436 met
1031 4396 1069 4435 en
1082 4382 1174 4436 relies.
