3050 5080
170 417 215 504 11,
238 421 271 503 s,
295 420 395 486 uter
622 461 665 472 -
688 421 727 487 31
755 457 798 472 -
1090 409 1240 490 too-tce

261 613 371 697 Quem
381 637 447 702 ego
457 615 610 683 intellexi
624 617 719 683 illum
731 615 825 682 hotid
839 616 951 682 minus
962 635 1067 706 quum
1077 637 1114 682 se
1126 619 1241 706 ipsum

707 731 940 818 magnificare.
1176 733 1242 798 260

262 843 382 936 Neque
403 846 489 912 ideo
510 847 599 914 olam
618 867 673 913 me
689 850 752 928 est,
770 867 875 936 quam
895 849 971 914 esse
991 869 1069 913 euru
1090 847 1243 933 graviter

710 963 862 1030 loturum
882 960 1034 1046 credam,

113 1095 146 1139 2⁰
263 1079 337 1146 Hoc
348 1081 377 1146 si
388 1077 544 1146 rescierit
558 1101 565 1148 :
579 1083 620 1146 eo
634 1078 776 1146 domum
791 1078 912 1146 studeo
925 1077 1012 1145 hoec
1026 1079 1124 1169 prius
1138 1101 1243 1169 quum

706 1195 765 1260 ille
785 1200 823 1261 ut
841 1194 973 1262 redeat.

173 1309 235 1379 Pu.
260 1307 405 1393 Laches,
428 1316 463 1377 et
481 1310 699 1397 diligentium
716 1316 871 1377 vostram
894 1314 929 1378 et
947 1311 1198 1398 benignitttem

263 1426 491 1516 Novietquse
502 1425 588 1494 diois
599 1425 1240 1511 omnioesseutdicisanimuminddco,

261 1543 357 1610 litte
376 1542 442 1610 hoc
462 1542 548 1609 mihi
567 1543 669 1632 cupio
689 1542 831 1610 credere
849 1564 856 1610 :
874 1542 970 1609 illem
982 1542 1027 1608 ud
1047 1547 1109 1610 vos
1129 1542 1243 1610 redire

711 1658 845 1740 strideo,
1179 1662 1244 1726 265

267 1774 303 1842 Si
320 1775 434 1842 ficere
454 1775 587 1865 possim
600 1774 672 1840 ullo
688 1773 803 1840 modo.
820 1772 881 1841 Li.
900 1772 995 1854 Quae
1013 1778 1112 1841 reste
1127 1775 1242 1842 fecere

709 1888 746 1955 id
763 1889 947 1980 prohibet?

117 2031 147 2074 rs
263 2006 357 2088 Eho,
379 2003 549 2096 numquid
566 2027 648 2072 nem
672 2009 811 2072 recusit
829 2006 963 2073 virum?
988 2005 1048 2074 Pu.
1072 2005 1243 2089 Miuume3

715 2141 796 2186 narn
816 2126 1001 2210 postquam
1020 2122 1151 2188 attendi

265 2237 375 2325 Magis
394 2242 428 2305 et
447 2237 481 2304 vi
500 2235 600 2326 coepi
620 2239 745 2322 cogere
763 2241 801 2302 ut
820 2235 959 2318 rediret,
976 2242 1092 2303 sancte
1106 2237 1245 2324 adjurat

265 2354 341 2421 Non
351 2360 454 2445 posse
465 2351 559 2443 opud
569 2372 630 2417 vos
641 2351 822 2440 Ptrnphilo
834 2373 870 2418 se
884 2350 1026 2418 absente
1042 2353 1243 2442 perdurire.

207 2633 264 2684 260.
279 2628 463 2694 Maoniticare,
489 2625 507 2680 i.
537 2638 562 2678 e.
592 2623 687 2690 magni
741 2622 796 2675 iois
810 2622 1010 2689 dausPlaute3
1026 2653 1057 2664 -
1071 2630 1249 2680 avececct'stu-

177 2703 274 2767 sacae,
287 2700 381 2765 moeni
395 2699 597 2750 aestimaretis
613 2699 685 2758 mot,
740 2709 825 2755 mare,
841 2695 895 2747 Ad.
912 2695 982 2760 prol.
1002 2698 1079 2750 tt-ts
1096 2715 1103 2750 t
1127 2699 1249 2752 Peritos.

177 2773 254 2826 usite
282 2771 352 2823 chez
380 2769 422 2822 les
446 2767 606 2832 comiques,
634 2765 686 2829 qui
740 2765 790 2814 cite
808 2764 951 2826 uictamne
964 2767 1066 2831 factum
1084 2770 1249 2824 existumetis

179 2844 324 2898 semblent
338 2840 439 2894 l'avoir
453 2837 609 2904 omprunte
627 2835 687 2888 ela
740 2851 807 2886 an...
830 2838 900 2900 Voy.
928 2837 1057 2904 Madvig,
1079 2840 1250 2893 Grammaire

177 2918 285 2982 langue
298 2912 459 2980 populaire,
476 2908 606 2975 repurait
621 2905 687 2973 plus
742 2906 832 2967 latine,
842 2907 859 2971 g
869 2908 957 2971 tent.
968 2909 1106 2974 Autome,
1117 2911 1248 2977 Syntaaee,

179 2985 245 3040 tard
259 2995 329 3038 avec
346 2982 374 3036 le
391 2994 460 3035 sens
484 2980 519 3034 de
543 2979 687 3043 «torel-,u
741 2978 826 3042 5308,
839 2981 862 3031 5.

179 3055 340 3110 «celebrer.
356 3070 371 3104 u
773 3049 828 3100 262.
844 3049 884 3099 Eo
898 3070 930 3092 =
944 3050 1011 3102 ideo.

210 3130 266 3181 261.
286 3127 383 3191 Neque,
398 3125 464 3174 adeo
494 3122 564 3174 olam
588 3135 629 3170 me
652 3125 688 3170 est
773 3120 828 3172 266.
845 3119 877 3168 Te
890 3120 977 3184 facere
984 3122 1115 3186 prohibet.
1126 3123 1252 3178 Terence

180 3215 262 3266 quam
276 3225 309 3236 -
322 3197 439 3260 credam,
459 3192 591 3247 locutiou
610 3191 689 3257 pleo—
742 3191 888 3242 construit
912 3193 1054 3256 prohibere
1075 3207 1144 3248 avec
1166 3195 1252 3248 l'inil-

178 3271 316 3334 uastique
334 3280 408 3334 pour
425 3281 507 3330 neque
530 3264 596 3314 adeo
619 3263 689 3313 clam
743 3260 814 3313 uitii
826 3262 925 3325 quand
941 3262 969 3315 le
985 3265 1063 3330 sujet
1075 3271 1121 3319 est
1134 3279 1175 3319 uu
1182 3279 1251 3320 nom

179 3359 221 3394 me
234 3348 279 3403 est,
294 3355 377 3405 quam
393 3337 511 3402 graviter
528 3335 633 3385 laturus
646 3334 689 3385 sit.
744 3331 779 3384 de
794 3332 882 3385 chose
895 3335 1011 3397 (Heaut.
1038 3337 1104 3402 573),
1130 3341 1159 3390 et
1183 3350 1253 3390 avec

182 3413 296 3465 Credam
308 3425 368 3459 :c
385 3410 415 3475 je
430 3407 493 3460 dois
508 3406 633 3458 croire.»
649 3405 688 3458 cf.
745 3419 779 3454 ue
802 3409 832 3455 et
854 3403 882 3455 le
906 3404 1076 3471 suhj0notif,
1104 3407 1203 3472 quand
1225 3408 1252 3462 le

181 3485 274 3538 Pleut.
290 3480 394 3534 Pseud.
410 3481 456 3532 176
475 3477 530 3544 (ed.
546 3477 641 3529 Fleck.
659 3497 690 3518 =
745 3475 823 3540 sujet
837 3478 940 3527 estun
958 3488 1029 3528 nom
1050 3478 1086 3530 de
1109 3492 1253 3544 personne

181 3558 228 3609 175
242 3554 286 3607 ed.
299 3551 428 3616 Ussing.)
440 3566 446 3602 :
468 3551 555 3610 Quam
568 3548 690 3598 libertam
744 3547 828 3611 (Eun.
839 3546 968 3610 sos-809).

182 3627 240 3691 sore
276 3623 345 3675 miti
385 3621 493 3672 credam
537 3625 560 3668 et
609 3633 691 3683 quom
775 3619 831 3670 267.
857 3618 924 3680 sto,
944 3635 959 3668 c
976 3619 1023 3670 Ah
1037 3621 1084 3684 cd!
1098 3637 1114 3670 t>
1141 3622 1182 3674 Cf.
1197 3627 1252 3677 100.

183 3696 299 3748 venalem
323 3694 400 3745 hodie
423 3691 559 3757 eaepcriar.
598 3688 688 3740 Plaut.
744 3717 774 3727 —
788 3690 906 3754 Attendi,
930 3691 1013 3756 «j’ai
1038 3691 1182 3746 insiste.»
1210 3696 1254 3748 On

182 3771 268 3824 Mero.
304 3765 416 3818 tis-250
452 3761 506 3829 (ed.
537 3757 656 3824 Ussing)
683 3777 689 3812 :
744 3773 782 3813 ue
797 3760 980 3826 couuaitpas
995 3762 1108 3815 d'cutre
1122 3766 1254 3831 exempie

182 3841 237 3890 Hoc
259 3851 340 3904 quam
357 3835 393 3885 ad
416 3847 474 3884 rem
498 3832 604 3883 credam
628 3845 691 3896 per-
745 3831 780 3882 de
794 3835 872 3882 cette
887 3830 1096 3895 signification.

183 3912 267 3964 tinere
302 3907 448 3967 somnium,
478 3905 585 3968 Nequeo
615 3902 690 3950 ince—
776 3903 831 3953 268.
862 3901 893 3950 Vi
912 3915 949 3954 ne
970 3902 1085 3968 signiiie
1107 3917 1161 3970 pas
1175 3921 1190 3954 c
1203 3919 1256 3971 par

183 3985 251 4034 nire.
278 3983 320 4032 De
344 3977 440 4030 meme
464 3987 534 4028 avec
549 3974 641 4032 dicere,
658 3973 689 4034 Q.
744 3971 773 4024 la
789 3971 960 4037 violence,›>
981 3973 1057 4026 mais
1080 3988 1147 4029 «en
1166 3982 1255 4029 nsunt

184 4051 322 4108 Claudius
340 4046 549 4113 Quadrigarius
565 4044 639 4096 dans
655 4046 689 4094 A.
745 4042 864 4095 demon
892 4043 1028 4097 autorite.
1054 4062 1069 4094 »
1099 4045 1139 4101 ci.
1165 4047 1254 4099 Andr,

185 4124 255 4180 Gell.
271 4135 301 4188 X,
318 4123 369 4175 13:
401 4119 452 4171 Sed
479 4117 579 4167 idcirco
593 4131 635 4164 mc
649 4114 690 4177 se·
744 4117 791 4165 277
807 4131 813 4166 :
830 4114 883 4165 Sed
896 4115 951 4164 cim
967 4114 1173 4181 (stapression
1187 4117 1212 4180 r)
1229 4125 1256 4168 ut

185 4197 255 4254 cisse,
292 4193 364 4259 quod
400 4196 494 4241 utrum
527 4185 692 4252 neqieycntia
745 4198 826 4248 queas
841 4185 919 4248 serre.
937 4187 1041 4237 Heaut.
1067 4187 1110 4240 tot
1140 4205 1146 4240 z
1178 4189 1208 4238 Vi
1232 4197 1254 4238 ct

183 4267 287 4333 partim
300 4263 510 4328 maqistratuum
525 4256 692 4308 cuccaritia
745 4255 790 4303 ota
816 4253 973 4319 persulcata
996 4260 1117 4321 patrum.
1138 4259 1183 4310 Ad
1202 4262 1254 4311 67:

186 4355 222 4390 an
231 4335 382 4388 calamitate
394 4331 489 4400 popuii
502 4328 618 4380 Romani
632 4342 690 4377 eoe—
746 4324 915 4390 (Imperium)
936 4325 967 4375 Vi
977 4325 1048 4390 qttcd
1061 4328 1100 4390 tit.

185 4409 254 4460 nisse
274 4408 373 4466 dicam,
387 4403 484 4464 nescio,
500 4406 529 4453 et
543 4398 690 4466 plusieurs
