3086 5092
212 455 271 542 lv,
296 459 326 542 1,
350 458 455 527 tte-56

308 641 316 654 Ι

665 461 841 530 ...(33.-

1133 459 1274 532 563-571

301 657 471 725 Interdico
491 681 533 726 ne
554 660 713 728 extulisse
735 670 831 729 extra
849 662 944 729 aedis
965 685 1112 753 puerum
1132 668 1276 754 usquein

698 779 794 845 velis

303 892 371 958 sed
391 914 455 978 ego
476 893 622 976 stultior,
645 897 738 960 meis·
752 889 850 963 di'otis
871 899 931 986 qui
949 919 1072 986 parere
1092 896 1181 962 hene
1201 901 1280 986 pos-

701 1013 820 1078 tutem.

300 1110 360 1193 ibo
378 1127 467 1193 intro
483 1133 584 1216 eique
601 1127 734 1193 edicam
755 1130 874 1213 serviS,
895 1133 938 1195 ne
959 1152 1135 1218 quoquam
1155 1130 1278 1196 ecferri

703 1246 827 1312 sinent.
849 1285 892 1294 -

1211 1247 1276 1312 565

213 1350 278 1427 Mi]
305 1359 444 1426 Nullem
455 1360 514 1449 pol
524 1359 627 1426 eredo
640 1361 822 1427 miiiierem
836 1383 891 1428 me
912 1363 1126 1428 miseriorem
1140 1365 1255 1427 vivere
1270 1384 1277 1429 :

303 1475 390 1542 Nem
410 1481 447 1542 ut
465 1475 521 1541 hie
539 1476 670 1542 loturus
696 1477 763 1544 hoe
789 1478 863 1558 siet,
887 1479 915 1543 si
939 1479 1051 1568 ipsetm
1076 1500 1150 1543 rem
1179 1481 1280 1544 utsii

703 1596 891 1675 resolverit,
1269 1593 1272 1598 ‘

301 1709 377 1775 Non
398 1709 521 1799 edepol
542 1711 630 1776 clam
650 1733 703 1776 me
725 1717 787 1792 est,
817 1732 922 1799 quom
951 1710 1017 1777 hoe
1038 1711 1131 1800 quod
1154 1711 1279 1776 leviust

701 1831 772 1892 iem
793 1826 908 1892 animo
928 1827 1014 1892 irato
1035 1827 1133 1908 tulin

301 1941 372 2008 Nee
392 1947 462 2032 quti
481 1944 536 2008 vie
556 1944 725 2009 sententio
744 1941 819 2029 ejus
839 1943 950 2032 possit
969 1946 1094 2008 mutari
1115 1943 1196 2009 sei0.

304 2057 377 2124 Hoe
393 2059 440 2124 mi
459 2060 567 2124 tinum
587 2083 627 2126 ex
639 2059 798 2150 plurimis
816 2059 964 2124 miseriis
985 2058 1152 2124 relicuom
1170 2059 1283 2125 fuerit

705 2176 847 2257 maium,

1215 2177 1280 2240 570

304 2290 340 2358 Si
360 2295 508 2381 piorum
522 2292 690 2358 uitollam
711 2292 812 2376 cogit,
837 2291 964 2380 quojus
985 2312 1046 2356 nos
1060 2294 1119 2379 qui
1139 2292 1182 2356 sit
1202 2313 1282 2358 nes-

503 2417 504 2421 ’
705 2408 815 2474 simiis
832 2414 943 2498 pater.

214 2685 265 2737 bes
278 2685 429 2751 signissent
444 2702 457 2735 e
470 2685 531 2738 titre
548 2699 585 2737 en
599 2685 691 2738 coiere
707 2705 720 2734 »

214 2769 245 2807 se
266 2757 463 2808 construisent
483 2762 631 2808 rerement
652 2769 721 2808 aveo

213 2825 579 2879 mmfflnmmm

243 2901 298 2951 563.
322 2899 361 2948 Ne
388 2898 512 2949 extulisse
543 2899 615 2950 netis.
643 2901 721 2949 Dens

214 2983 261 3021 ces
276 2970 414 3022 formuios
429 2971 601 3034 arehaiques
622 2969 657 3021 de
672 2969 722 3020 de-

214 3041 295 3093 fense
313 3054 382 3094 evoe
397 3042 463 3102 voto,
477 3041 505 3093 le
521 3055 589 3092 sons
604 3041 640 3093 de
654 3041 720 3092 t’in-

214 3113 303 3165 finitis
313 3113 418 3179 pertait
433 3115 480 3178 (ei.
495 3115 542 3166 ste
556 3118 585 3165 et
598 3113 627 3164 le
642 3112 721 3175 note)

213 3188 259 3236 est
274 3185 439 3246 tenetisne,
453 3189 482 3236 et
496 3201 529 3234 ne
545 3185 670 3236 extulisse
680 3201 722 3234 ve-

214 3255 246 3306 tis
273 3261 319 3308 est
342 3269 400 3308 une
420 3256 524 3321 simple
553 3255 722 3322 periphrase

213 3327 721 3392 pourneecferas.V.Riemann,Spn-

214 3404 277 3448 taxe
291 3413 318 3465 p.
334 3401 389 3464 199,
406 3404 484 3452 note.

243 3473 298 3522 5134.
315 3470 366 3521 Sed
387 3487 433 3535 epo
447 3472 563 3536 stultior,
578 3487 592 3521 «
607 3470 680 3522 mais
693 3470 723 3535 je

214 3542 276 3592 suis
298 3541 366 3592 bien
393 3548 438 3594 sot
452 3561 465 3592 »
489 3542 565 3608 (plus
590 3546 636 3594 sot
652 3540 722 3606 qu’il

213 3615 288 3664 n'est
300 3614 407 3678 permis
418 3613 561 3676 dei’etre).
575 3615 615 3667 Gi.
629 3613 721 3664 Plaut.

213 3683 320 3748 Amph.
336 3685 406 3749 prol.
420 3688 511 3738 56-57:
528 3686 580 3736 Sed
597 3701 643 3750 epe
658 3685 723 3734 stut-

215 3755 274 3816 tion,
288 3755 372 3814 Quasi
388 3757 505 3806 nesciam
526 3773 570 3806 nos
585 3757 659 3817 nette,
675 3756 722 3820 qni

214 3827 288 3876 divos
308 3827 381 3877 siem.
397 3827 478 3879 Trin.
503 3829 587 3882 1057:
603 3827 654 3878 Sed
674 3843 721 3890 epo

213 3913 272 3947 sum
287 3899 465 3964 insipientior,
479 3901 526 3964 qni
539 3900 615 3950 rebus
632 3913 721 3949 eurem

212 3969 366 4035 poeticis-
382 3971 523 4022 Postntem.
541 3971 679 4022 Postutere
694 3982 719 4030 a,

215 4042 285 4094 chez
298 4041 341 4093 los
352 4043 511 4108 commune,
522 4043 539 4095 i
549 4056 605 4108 peu
618 4041 684 4108 pr'es
695 4042 721 4092 io

215 4125 283 4166 sens
298 4113 333 4165 de
346 4113 416 4164 vetto.
433 4115 456 4166 ii
481 4128 512 4165 se
532 4114 663 4166 treduira
684 4113 721 4163 ici

215 4197 289 4248 par«
303 4184 466 4249 presentie.
486 4203 499 4234 »

245 4259 300 4309 565.
316 4256 456 4324 Phidippo
475 4261 571 4310 rentre
586 4258 655 4310 chen
669 4256 720 4307 lui.

246 4331 299 4380 567.
315 4329 346 4378 Ut
362 4330 661 4394 :quomode—Hoc
676 4340 723 4378 re-

216 4399 350 4462 presente
365 4412 417 4464 per
433 4399 625 4464 anticipation
639 4399 722 4450 i'ide'e

216 4471 251 4522 de
264 4471 353 4536 ipsam
378 4487 434 4520 rem
457 4472 507 4535 qui
530 4477 576 4524 est
596 4471 722 4523 enoneee

776 2686 850 2738 <iens
871 2686 899 2737 io
914 2685 1095 2750 proposition
1119 2684 1282 2736 subornon-

775 2758 841 2810 ne'e.
860 2761 885 2808 A
899 2763 945 2809 eet
959 2757 1007 2807 hoc
1027 2761 1072 2808 est
1088 2756 1194 2822 oppose'
1210 2757 1283 2808 dens

775 2829 802 2881 ie
817 2843 881 2882 vers
897 2829 1016 2882 suivant
1027 2843 1068 2880 un
1084 2833 1173 2880 terme
1189 2829 1284 2892 expri-

775 2901 823 2954 mo
835 2901 917 2954 aussi
932 2914 984 2966 par
998 2903 1047 2951 hoe
1062 2917 1069 2950 :
1086 2901 1211 2965 ityaie
1226 2913 1283 2951 une

775 2973 946 3038 negligenco
954 2971 988 3024 de
997 2972 1118 3036 style—
1126 2973 1216 3036 Ipsam
1227 2986 1282 3020 rem

776 3051 804 3093 ut
814 3045 849 3094 sit
858 3044 1001 3095 nesciverit.
1014 3043 1054 3097 Cf.
1066 3046 1112 3096 468
1126 3047 1154 3094 et
1167 3043 1195 3094 la
1205 3047 1281 3093 note.

806 3118 861 3168 568.
883 3115 947 3164 Tam
967 3115 1060 3164 animo
1083 3114 1162 3164 irato.
1183 3114 1283 3162 Animo

775 3188 846 3236 irato
869 3200 906 3238 ne
925 3187 1016 3237 forme
1041 3198 1113 3250 pour
1128 3184 1205 3236 ainsi
1220 3183 1281 3235 dire

776 3261 883 3322 qu’uno
909 3257 990 3309 seule
1014 3255 1185 3323 expression
1202 3255 1284 3320 equi-

776 3330 874 3381 valent
889 3329 906 3381 e
923 3342 963 3380 un
982 3328 1107 3380 adverbe
1123 3327 1282 3392 (iracunde).

777 3402 816 3455 Cf.
832 3403 878 3453 685
893 3418 899 3452 z
917 3415 996 3464 quam
1012 3401 1211 3464 animoseque.

807 3474 861 3524 570.
886 3473 1023 3522 Retieuoni
1043 3470 1142 3534 suerat,
1168 3485 1182 3518 e
1203 3469 1283 3520 avait

777 3543 824 3596 ete'
836 3548 907 3595 tenu
918 3555 955 3594 en
965 3541 1089 3604 reservo,
1098 3557 1136 3589 ›><‹
1152 3540 1221 3592 etait
1237 3538 1283 3591 re-

778 3614 899 3665 servo.»
923 3616 961 3665 Le
984 3625 1052 3664 sens
1074 3615 1120 3662 est
1135 3626 1171 3662 :e
1192 3608 1284 3675 Apros

779 3690 841 3737 tant
854 3685 890 3736 de
904 3683 1036 3749 miseros
1051 3682 1072 3734 il
1089 3695 1125 3734 ne
1144 3696 1191 3733 me
1203 3693 1284 3732 man-

776 3756 859 3821 quan
874 3755 940 3820 pius
954 3768 1011 3819 que
1027 3768 1059 3806 ee
1075 3754 1217 3806 melheur.
1234 3770 1248 3803 »

806 3829 862 3880 571.
887 3827 917 3878 Si
941 3827 1019 3891 oepit.
1035 3826 1075 3877 Gi.
1099 3825 1152 3878 Ad.
1171 3827 1238 3876 357:
1255 3823 1285 3872 Id

777 3900 873 3949 misere
894 3903 977 3948 restat
990 3898 1059 3946 mihi
1077 3893 1152 3951 neoti.
1168 3897 1191 3945 si
1205 3895 1284 3944 ittenn

775 3976 887 4036 potest...
904 3970 940 4018 od
950 3969 1093 4034 nequitiem
1108 3968 1283 4018 adducere.-

777 4045 894 4093 Pneenne
908 4041 1009 4092 tottam.
1022 4043 1055 4092 V.
1067 4043 1113 4091 704
1123 4044 1152 4092 et
1166 4038 1194 4090 la
1205 4043 1283 4089 note.

776 4142 806 4150 ·-
817 4113 868 4174 Qui
882 4113 917 4162 sit
928 4118 1014 4178 poter.
1032 4111 1206 4164 L’ancienno
1223 4110 1285 4162 tan·

777 4198 834 4249 guo
855 4197 893 4236 ne
915 4183 1013 4236 teiseit
1032 4195 1084 4249 pes
1107 4183 1142 4233 de
1163 4180 1285 4232 distine-

778 4257 840 4307 tion
852 4261 935 4307 entre
948 4255 992 4307 les
1005 4255 1113 4306 formes
1124 4254 1183 4318 quis
1194 4257 1224 4304 et
1239 4252 1286 4316 qni

778 4327 817 4379 du
843 4339 963 4392 pionem
990 4325 1181 4388 interrogatis.
1218 4327 1284 4387 toy.

778 4399 913 4460 Antoine,
930 4397 1156 4463 Syniaaee,§153.
1173 4395 1213 4448 Cf.
1229 4397 1284 4446 573.

778 4471 892 4521 Phorm.
904 4472 950 4522 tie
967 4488 971 4520 :
989 4470 1038 4528 Otii
1055 4469 1137 4531 feeerit
1150 4474 1237 4532 poter.
