3050 5080
654 849 835 944 ACTUS
868 851 936 946 lll

399 1166 639 1212 raururuus
709 1165 902 1213 recurro
973 1145 1182 1235 (1111111111)

429 1281 620 1328 ADULESCENS

751 1281 867 1328 SERVOS

1018 1282 1135 1329 Mutina

148 1451 230 1528 lil‚i
255 1453 339 1521 Pau.
367 1455 503 1522 Nemini
528 1476 593 1542 ego
617 1455 718 1546 plura
747 1459 822 1521 esse
847 1455 975 1522 acerba
1002 1455 1107 1536 credo
1138 1478 1179 1522 ex
1207 1477 1325 1524 amore

725 1569 858 1637 homini
876 1572 1043 1660 umquam
1063 1570 1181 1639 oblata

370 1685 483 1768 Quam
502 1686 561 1753 mi„
584 1686 660 1752 Heu
680 1707 735 1753 me
755 1684 941 1769 infelicem,
963 1684 1110 1752 hancine
1136 1707 1200 1772 ego
1220 1690 1327 1756 vitam

641 1796 644 1801 ’
727 1801 822 1891 parsi
840 1800 1007 1890 perdere!

368 1915 499 1984 Hicine
520 1936 624 1982 causa
648 1936 712 2000 ego
738 1921 833 1984 eram
856 1921 952 1986 tanto
972 1938 1077 2006 opere
1100 1915 1247 2008 cupidus
1273 1938 1328 1982 re·

726 2029 854 2096 deundi
875 2030 1037 2096 domum!
1061 2029 1141 2111 Hui,

369 2146 506 2227 Quanto
521 2145 634 2212 fuerat
649 2145 894 2235 praestabilius
914 2145 1028 2212 ubivis
1046 2147 1203 2231 gentium
1224 2152 1327 2234 agero

727 2267 876 2327 aetatem

229 2405 242 2446 a
369 2378 482 2459 Quam
507 2377 575 2444 hric
603 2377 717 2443 redire
742 2381 845 2465 atquc
871 2376 957 2443 haec
985 2377 1032 2444 ita
1062 2399 1137 2443 esse
1162 2381 1329 2444 miserum

727 2514 782 2558 me
803 2494 1008 2560 resciscere!

1264 2495 1328 2561 285

373 2611 461 2678 Neim
480 2633 542 2676 nos
562 2629 681 2676 omncs
707 2607 833 2698 quibus
858 2613 910 2673 est
936 2608 1095 2675 alicunde
1122 2609 1246 2702 aliquis
1267 2609 1329 2675 ob-

723 2723 837 2810 jectus
857 2723 968 2806 labos

288 2977 343 3027 ast.
363 2972 510 3039 Pamphile
524 2973 617 3025 arrive
636 2972 675 3024 du
691 2978 764 3039 port.

258 3045 281 3097 11
289 3051 334 3097 est
345 3044 540 3109 accompagne'
548 3044 584 3096 de
592 3057 645 3095 son
656 3045 765 3096 esclave

243 3116 434 3178 'Parmeuom
452 3116 502 3179 qui
516 3116 595 3167 vient
610 3115 646 3167 de
663 3115 706 3166 lui
720 3127 767 3166 ra-

258 3192 358 3238 conter
372 3199 429 3250 que
442 3185 612 3238 Philumene
626 3199 643 3238 a
657 3186 718 3252 pris
734 3199 766 3237 sa

259 3257 430 3311 belle-mere
445 3270 483 3308 en
501 3257 635 3310 aversior
650 3262 679 3309 et
697 3258 766 3309 s'est

259 3329 363 3382 retiree
397 3329 466 3381 chez
499 3342 546 3380 ses
576 3336 704 3394 parents.
737 3358 766 3365 -

258 3401 357 3452 Acerba
368 3404 414 3452 est
420 3400 479 3464 pris
486 3401 557 3452 subs
562 3400 765 3465 tantivement‚

258 3485 370 3524 comme
385 3471 500 3522 advorsa
512 3484 550 3523 au
564 3485 591 3523 v.
604 3474 659 3525 388.
671 3501 700 3508 -
712 3473 767 3523 Ne-

258 3545 325 3593 mini
349 3543 463 3602 homini,
489 3543 609 3594 ailianae
633 3544 668 3595 de
689 3547 767 3594 mots

258 3613 409 3677 frequente
419 3614 489 3667 chez
504 3615 546 3666 les
560 3614 767 3678 comiques21c

259 3698 327 3736 sens
351 3685 562 3749 etymologicus
581 3685 617 3737 de
634 3701 712 3735 nemo
727 3688 767 3750 (=

258 3756 767 3821 aehomo)s’etantailaibli‚ontraite

259 3840 291 3879 ce
305 3840 374 3879 nom
384 3841 496 3880 comme
506 3841 548 3879 un
558 3829 662 3894 simple
672 3827 766 3893 adjec-

260 3899 296 3950 111
307 3901 348 3964 (=
361 3899 468 3959 nultus)
485 3904 513 3950 et
537 3912 575 3950 on
589 3913 607 3962 y
622 3900 721 3964 ajoute
739 3899 765 3950 ie

260 3971 424 4022 substantii
432 3971 510 4020 homo
535 3998 565 4005 -
577 3969 680 4021 Oblata.
696 3986 710 4019 ‹<
723 3969 767 4032 Os·

258 4041 327 4104 ferri
341 4043 478 4101 dicuutur,
492 4057 674 4105 quaecumque
690 4056 769 4106 prae·

259 4119 298 4164 ter
310 4114 535 4178 exspectationem
545 4113 708 4176 objiciuntur
715 4114 768 4164 sice

260 4185 329 4234 bono
343 4185 395 4234 sive
407 4184 487 4234 rnatu.
504 4201 517 4234 s
533 4183 709 4248 [Ruhnkenl.
725 4183 767 4235 Cf.

259 4259 315 4320 370,
330 4259 385 4319 383,
401 4257 456 4315 386,
468 4257 523 4316 110,
537 4257 593 4307 816.
607 4283 636 4292 -
649 4257 683 4306 V.
694 4257 726 4307 N.
737 4257 768 4306 C.

290 4331 345 4380 283.
369 4329 453 4376 i'auto
469 4343 559 4392 opere,
575 4340 687 4379 comme
707 4341 768 4375 mu-

259 4413 387 4464 ouopere,
403 4411 440 4449 ne
462 4411 493 4450 se
512 4399 655 4450 construit
680 4397 769 4463 gnere

820 2974 937 3037 qu'avec
952 2973 1003 3026 des
1018 2975 1140 3037 verhcs3
1162 2974 1200 3026 ici
1216 2974 1331 3039 cupidus

820 3060 895 3094 erum
907 3067 937 3087 =
948 3045 1132 3110 cupiebam-
1142 3045 1205 3105 Hui,
1218 3058 1245 3096 v.
1257 3047 1290 3097 N.
1301 3045 1328 3097 G.

851 3117 906 3167 881.
925 3115 1224 3179 Fueratpreestcbttius.
1232 3118 1265 3167 V.
1275 3119 1331 3166 An·

821 3185 909 3243 tolno.
936 3186 1073 3250 Syntoxe,
1095 3187 1111 3250 ἓ
1136 3189 1191 3250 169,
1211 3189 1239 3249 23
1264 3185 1331 3238 Rie-

820 3269 919 3320 mann,
935 3257 1065 3321 syntoma,
1081 3257 1098 3321 g
1113 3259 1167 3310 158.

851 3329 906 3381 285.
930 3329 971 3378 ita
993 3344 1056 3387 csse,
1083 3341 1122 3380 sc.
1145 3333 1174 3377 ut
1198 3329 1328 3378 aorrosti.

820 3426 851 3436 -
862 3401 912 3450 Me.
928 3402 986 3451 Des
1004 3398 1074 3450 trois
1087 3399 1225 3451 infinitiis
1242 3415 1330 3464 egere,

820 3471 908 3521 redire
926 3476 954 3520 et
970 3471 1114 3531 resciscere,
1136 3472 1206 3523 c'est
1222 3471 1250 3523 le
1266 3470 1331 3522 der-

820 3542 883 3593 nier
893 3541 943 3605 qui
953 3546 998 3593 est
1009 3542 1206 3607 accompagne
1217 3543 1253 3594 de
1265 3541 1331 3592 l'ac-

821 3611 1330 3676 cusatiisujetzmiserumaentrainc'

820 3699 871 3733 me.

852 3757 907 3806 286.
926 3755 981 3805 Nos
1007 3769 1106 3813 orienes,
1128 3753 1329 3806 anacoluthc:

822 3825 1332 3891 laphrascnecontiuuepascommc

821 3897 848 3950 le
864 3897 962 3949 iaisait
977 3895 1113 3949 attendrc
1132 3897 1159 3948 le
1180 3894 1335 3947 nominatis

823 3983 871 4018 nos
886 3983 991 4027 omnes3
1000 3981 1037 4020 en
1049 3966 1186 4018 linissant
1197 3979 1248 4031 par
1258 3965 1332 4016 lucro

822 4046 874 4100 est,
899 4039 918 4090 il
944 4039 1071 4090 faudrait
1095 4039 1172 4088 stabis
1196 4037 1331 4096 omnibus,

822 4111 898 4162 mais
907 4112 1028 4162 l'auteur
1036 4109 1113 4161 avait
1123 4121 1160 4160 eu
1170 4109 1228 4161 tete
1236 4105 1332 4160 l'idc'e:

823 4183 1019 4246 lucrifacimus,
1035 4209 1065 4216 -
1080 4180 1210 4230 Aticuncte
1225 4179 1334 4243 uliquis,

822 4253 1048 4306 aliiteration.-
1059 4252 1186 4316 objectus.
1197 4250 1280 4315 objici
1290 4255 1336 4301 est

824 4327 841 4377 a
858 4338 914 4390 peu
931 4324 996 4390 pres
1017 4336 1177 4388 synonyme
1192 4321 1228 4374 de
1240 4320 1335 4387 offerre

825 4401 863 4461 (v.
884 4399 928 4449 181
953 4402 981 4447 et
1000 4394 1029 4446 la
1047 4394 1135 4457 note).
1151 4395 1175 4446 11
1197 4407 1228 4446 se
1244 4390 1336 4459 prend
