3086 5092
190 401 230 472 V.
245 405 276 484 3,
290 403 402 482 3742,
416 404 448 479 4,
465 403 519 468 1-3

637 404 810 467 ..91—

1105 399 1251 466 835-843

276 600 321 668 Ut
341 605 524 691 quisquam
544 605 676 666 amator
690 600 820 689 mtptiis
840 600 997 666 laetetur,
1013 597 1142 664 Verum
1158 603 1253 665 ecas-

630 719 685 782 tor

1186 715 1251 783 835

275 787 459 922 Nunquam
471 833 620 899 animum
632 833 764 922 quaesti
774 832 887 919 gratia
902 832 946 898 ad
960 832 1069 900 malas
1080 831 1251 899 adducam

630 949 753 1038 partis,
1109 1024 1112 1035 η

274 1063 347 1150 Ego
367 1064 450 1131 dum
469 1064 529 1131 filo
547 1065 713 1132 licitumst
730 1067 793 1132 cisa
812 1086 888 1131 sum
907 1064 1059 1151 benigno
1079 1070 1113 1131 et
1130 1063 1248 1154 lepido

629 1186 662 1248 et
681 1182 781 1248 cami.

273 1297 492 1365 lnccmmode
513 1298 597 1364 mihi
615 1298 745 1389 n1'1ptiis
766 1299 898 1382 evenit,
919 1298 1048 1364 factum
1067 1298 1198 1365 fateor:

272 1415 317 1480 At
326 1414 386 1504 pcll
400 1437 455 1481 me
465 1414 586 1480 fecisse
599 1415 759 1497 arbitror,
771 1438 814 1481 ne
834 1414 870 1480 id
882 1415 1004 1481 merito
1021 1415 1068 1480 mi
1083 1417 1247 1480 eveniret.

272 1528 379 1597 Multa
399 1533 439 1596 ex
459 1553 527 1619 quc
549 1530 676 1597 fuerint
707 1531 904 1615 ccmmoda,
927 1532 1003 1617 ejus
1028 1529 1252 1598 incommoda

629 1653 810 1739 aequomst
827 1648 931 1715 ferre.

1185 1649 1250 1713 840

403 2088 610 2134 PAMPHILUS
656 2089 831 2134 PARMENO
877 2087 1028 2134 Bacenis

404 2222 595 2270 ADULESCENS
686 2223 801 2268 SERVOS
868 2223 1027 2270 MERE'I'RIX

86 2468 119 2542 V,
137 2470 157 2530 a
178 2453 260 2521 Pais.
270 2451 375 2535 Vide,
397 2453 445 2518 mi
464 2452 644 2534 Permane,
668 2453 771 2518 etiam
791 2452 904 2534 sodes,
927 2454 966 2518 at
984 2452 1031 2517 mi
1051 2452 1137 2518 haec
1156 2461 1248 2518 certa

628 2573 662 2634 et
681 2568 774 2634 clara
794 2569 964 2652 attuleris,

269 2686 319 2751 Ne
339 2708 393 2752 me
412 2687 447 2750 in
466 2684 572 2750 breve
589 2685 751 2771 conjicias
771 2689 908 2774 tempus
927 2685 1055 2769 geladia
1067 2686 1141 2752 'hoc
1160 2686 1247 2752 falstl

624 2801 703 2867 frui.

178 2917 257 2984 Pac.
270 2916 435 2984 V1surnst.
459 2916 544 2984 Pata.
563 2915 798 2984 Certen‘lPaa.
817 2914 929 2984 Certe.
952 2917 1034 2985 Pais.
1049 2917 1141 2984 Deus
1153 2941 1241 3002 sum,

623 3034 651 3099 si
662 3033 728 3099 hdc
737 3033 826 3099 itast.
840 3032 922 3100 Pac.
935 3031 1064 3100 Verum
1075 3035 1243 3124 reperies,

206 3341 261 3390 836.
277 3337 319 3388 Ad
330 3337 416 3387 malas
428 3337 525 3402 pactis.
537 3337 578 3388 Cf.
592 3335 682 3387 Andr.

176 3409 222 3462 193
236 3427 243 3460 t
257 3408 385 3458 Animam
399 3409 436 3458 acl
450 3407 606 3457 deteriorem
619 3422 685 3472 par·

176 3485 226 3529 lem
243 3479 371 3546 adplicat.

206 3554 260 3604 837.
285 3552 357 3600 Dum
380 3551 429 3600 illc
447 3550 575 3600 licitumst
589 3549 684 3613 (sous-

176 3628 233 3674 ent.
250 3623 308 3687 uti),
322 3637 372 3671 usa
386 3637 445 3672 sam
457 3637 486 3671 ec
499 3627 544 3671 ele.
561 3620 604 3669 Uti
615 3631 685 3671 avec

175 3693 299 3745 t’abtatit
318 3693 353 3744 de
372 3693 400 3744 la
415 3703 559 3756 personne
572 3703 685 3742 accom-

176 3765 270 3830 pagne'
286 3763 354 3815 d'an
375 3763 571 3828 complement
585 3761 683 3826 pre'di-

175 3837 245 3888 catif
261 3836 374 3900 signifie
389 3851 403 3885 a
419 3835 521 3887 avoir»
531 3847 569 3886 ou
580 3849 594 3884 «
605 3837 684 3885 trou-

174 3920 224 3960 ver
238 3921 273 3960 en
289 3921 357 3972 qqn.
370 3923 384 3956 »
398 3908 439 3959 Cf.
455 3910 550 3958 Heaut
565 3907 611 3957 217
627 3906 684 3958 :Ne

175 3979 218 4028 ille
233 3979 307 4042 sacili
324 3995 365 4028 mc
377 3985 466 4029 aletur
478 3983 565 4044 patre.

204 4053 259 4103 839.
274 4051 368 4100 Merito
377 4055 422 4101 est
434 4049 461 4102 le
470 4055 564 4101 terme
577 4048 685 4114 impor-

175 4126 248 4173 tant.

205 4196 260 4246 840.
276 4193 343 4257 Ejus
357 4192 534 4243 incommoda.
544 4192 583 4244 cf.
597 4193 643 4246 165
654 4197 683 4244 et

174 4263 203 4316 la
217 4270 297 4316 note.

206 4337 262 4390 cat.
293 4336 444 4402 Pamphile
471 4336 585 4390 revient
611 4349 683 4389 avec

175 4405 344 4461 Parmenon.
363 4435 393 4444 -
413 4407 521 4457 Videat
538 4432 567 4448 -ψ
587 4409 683 4458 attale·

738 3336 784 3396 ris,
801 3336 819 3386 i.
836 3348 860 3386 e.
871 3335 931 3384 cide
940 3339 970 3384 al
977 3335 1042 3386 haec
1052 3340 1124 3386 certa
1134 3341 1158 3385 et
1170 3335 1244 3386 clara

738 3407 799 3465 siat,
817 3420 883 3470 qaae
898 3405 1022 3458 attulisti.
1038 3407 1077 3460 cf.
1103 3409 1149 3460 152
1168 3411 1198 3459 et
1219 3407 1247 3459 la

740 3482 816 3529 note.

769 3551 824 3601 842.
840 3549 872 3598 Ia
897 3549 970 3600 brace
996 3555 1043 3602 etc.
1070 3554 1116 3603 Au
1130 3551 1191 3604 lieu
1212 3551 1247 3603 de

738 3617 800 3670 dirc
813 3620 843 3668 in
859 3619 933 3670 breve
948 3627 1051 3687 tempus
1061 3623 1156 3688 caudit
1166 3623 1207 3687 (=
1217 3623 1247 3672 ia

739 3691 868 3756 acediam
882 3691 955 3742 brevi
970 3695 1109 3760 temporis,
1125 3695 1156 3744 ia
1172 3695 1246 3745 brace

738 3763 887 3826 cauatam),
898 3763 1023 3817 Terence
1033 3765 1192 3831 developpe
1203 3765 1248 3817 Pi-

738 3834 791 3886 de'e
804 3847 841 3886 au
852 3847 958 3900 moyen
968 3837 1007 3888 du
1018 3839 1105 3890 verbe
1115 3837 1182 3901 frat.
1195 3840 1246 3890 Cet

738 3905 845 3972 emploi
861 3907 896 3958 de
912 3908 1052 3960 l'infinitif
1069 3909 1245 3975 exegetique

739 3979 830 4042 parata
848 3977 949 4042 calque
969 3993 1020 4032 sur
1034 3994 1091 4034 une
1107 3986 1246 4034 tournure

737 4063 871 4114 grecaue.
897 4053 930 4102 V.
957 4052 1107 4114 Matthiae,
1128 4054 1173 4105 Gr.
1192 4067 1244 4118 aa,

737 4123 823 4186 5532,
839 4123 858 4187 f,
877 4136 911 4188 g;
925 4123 942 4188 ἓ
956 4125 1011 4176 633.
1024 4151 1052 4160 -·
1068 4127 1101 4175 V.
1117 4126 1150 4177 N.
1168 4125 1196 4177 C,

768 4196 823 4246 8213.
842 4194 968 4254 Visamst,
978 4211 992 4243 «
1003 4195 1072 4246 c'esl
1087 4199 1151 4247 tout
1165 4210 1215 4254 vu.
1230 4213 1244 4247 »

736 4265 846 4331 rc'pond
872 4278 910 4317 au
938 4266 997 4316 cide
1027 4266 1066 4318 du
1094 4269 1246 4319 v.8t11.-

741 4337 838 4387 Veram
852 4338 981 4402 reperies,
999 4338 1017 4388 i.
1034 4351 1059 4389 e.
1074 4339 1186 4402 reperies
1200 4353 1246 4388 ve-

734 4422 798 4458 ram
812 4423 865 4458 esse
879 4408 909 4457 ld
923 4409 995 4474 quod
1011 4409 1079 4459 dico.
