3086 5092
278 393 338 476 lv,
362 398 392 475 1,
416 396 493 461 1-1o
717 431 761 441 -
785 393 828 458 58
853 433 894 442 -

561 743 755 788 MYRRINA
823 742 1053 787 PHIDIPPUS

600 859 717 904 numen
883 858 977 904 SENEX

170 1060 217 1138 lv,
235 1064 249 1123 1
280 1061 346 1128 Mt.
372 1061 482 1128 Perii:
497 1061 581 1150 quid
596 1061 722 1146 egem?
742 1065 810 1149 quo
824 1082 878 1126 me
894 1064 1027 1126 vortam
1040 1061 1055 1123 ?
1070 1059 1154 1148 quld
1173 1059 1246 1125 viro
1266 1081 1343 1124 meo

766 1174 983 1264 respondebo

366 1292 601 1360 Miseralnem
612 1291 784 1358 audivisse
795 1312 915 1356 vocem
924 1291 1024 1380 pueri
1036 1291 1340 1376 visustvegientis:

366 1392 416 1474 lta
435 1409 600 1498 corripuit
619 1407 807 1496 derepente
827 1407 951 1473 lucitus
972 1429 1046 1472 sese
1067 1407 1112 1472 ad
1130 1406 1250 1474 ffliem.

367 1522 467 1604 Quod
482 1524 510 1590 si
525 1523 678 1590 rescierit
696 1523 873 1612 peperisse
889 1545 977 1604 eom,
1001 1521 1038 1588 td
1049 1544 1118 1611 que
1134 1543 1238 1588 ceusu
1253 1522 1343 1588 clem

745 1661 800 1704 me
820 1638 983 1704 habuisse

366 1755 497 1832 Dleem,
518 1777 587 1820 non
608 1755 732 1844 edepol
753 1755 834 1820 scio.
1279 1755 1343 1818 520

368 1869 437 1937 Sed
457 1871 583 1939 ostium
598 1873 808 1961 concrepuit.
831 1870 941 1938 Credo
960 1871 1074 1960 ipsum
1092 1870 1183 1936 exire
1202 1869 1341 1937 adme:

769 1988 865 2053 nulle
885 2010 972 2054 sum.

276 2103 334 2169 Pu.
364 2086 456 2172 Uxor
475 2103 536 2169 ubi
554 2125 609 2168 me
633 2101 678 2168 ed
696 2103 804 2169 filiam
827 2104 877 2169 ire
897 2104 1014 2185 sensit,
1042 2125 1077 2169 se
1104 2099 1200 2169 duxlt
1217 2101 1309 2167 foras
1331 2123 1339 2169 ε

365 2220 478 2308 Atque
499 2222 626 2284 eccam.
650 2218 741 2300 Quid
756 2231 818 2300 (113,
840 2219 1019 2307 My'rrine?
1038 2218 1146 2300 Heus,
1168 2217 1234 2284 tibi
1252 2217 1339 2283 dico.

767 2335 834 2404 ΜΥ.
855 2334 995 2418 Mihine,
1018 2339 1067 2401 ml
1084 2335 1160 2399 vir?

276 2453 336 2518 Pn.
365 2452 427 2518 Vn·
446 2473 510 2538 ego
529 2457 606 2518 tuos
623 2451 715 2516 sim?
734 2453 772 2516 tu
796 2451 909 2517 virum
933 2473 988 2516 me
1010 2455 1069 2517 eut
1087 2449 1264 2516 hominem
1284 2450 1341 2515 de-

766 2571 867 2657 putes
888 2567 974 2632 adeo
995 2567 1095 2636 esse?

222 2702 249 2745 to
367 2684 454 2750 Nem
483 2684 512 2748 si
539 2683 708 2748 utrumvis
742 2682 878 2764 horum,
909 2681 1045 2764 mulier,
1081 2683 1247 2769 umquem
1279 2680 1343 2745 tibi

768 2800 862 2865 visus
881 2799 1002 2879 forem,
1279 2797 1342 2860 525

204 3069 206 3074 .
305 3027 359 3077 516.
386 3022 526 3088 Phidippo
542 3021 641 3074 venait
665 3021 700 3073 de
714 3033 782 3072 ren·
836 3023 923 3085 qu'on
941 3033 977 3072 va
997 3019 1039 3071 lui
1062 3032 1157 3083 poser.
1172 3046 1201 3054 —
1226 3021 1342 3071 Comme

276 3101 333 3148 trer
348 3096 417 3146 chen
439 3093 482 3145 lui
505 3095 542 3159 (v.
564 3091 636 3156 510);
660 3091 680 3143 il
699 3105 782 3144 een·
837 3093 961 3156 Myrrine
985 3104 1023 3143 ne
1047 3089 1158 3156 re'pond
1178 3101 1246 3154 pes,
1271 3089 1341 3141 Phi-

275 3166 364 3218 tendu
379 3165 421 3218 les
436 3165 650 3230 vagissements
665 3164 700 3215 de
716 3164 781 3216 l’en-
836 3163 922 3228 <lippe
934 3161 1077 3227 reprend:
1104 3162 1183 3219 Heus,
1204 3160 1251 3210 tibi
1274 3161 1340 3210 dico.

274 3238 337 3289 sant
365 3239 400 3288 de
430 3234 610 3289 Philumene.
640 3235 779 3298 Myrrine‚
838 3235 876 3288 ul.
888 3237 962 3285 Eun.
975 3231 1265 3293 33leeus,hcus‚tibt
1275 3231 1340 3304 otico,

275 3314 355 3360 tonte
382 3307 523 3367 trouble'e‚
550 3312 610 3358 sort
634 3320 708 3372 pour
731 3307 781 3358 l⁷e'—
838 3307 966 3357 Chaerea.

274 3380 356 3432 viter.
867 3379 921 3430 524.
941 3377 988 3426 Vir
997 3391 1043 3441 ‘³90
1056 3375 1236 3429 tuossimlcf.
1249 3375 1340 3427 Plaut.

304 3453 359 3504 5l9.
376 3452 434 3511 Quo
451 3465 541 3500 causa.
564 3452 603 3500 Le
624 3454 714 3500 terme
736 3449 783 3498 in·
837 3449 942 3514 Amph.
962 3450 1030 3500 813:
1058 3447 1106 3497 Vin·
1128 3462 1175 3512 epo
1197 3452 1256 3496 tuos
1270 3448 1342 3496 sim?

274 3521 426 3587 terrogatif
444 3521 611 3586 appartient
633 3521 650 3572 e
670 3521 698 3572 la
717 3533 783 3586 pro·
837 3523 876 3571 Ne
890 3519 1054 3585 meappcllu,
1072 3518 1150 3581 falsa,
1166 3518 1237 3581 salso
1250 3519 1340 3567 nomi-

273 3593 399 3660 position
411 3592 558 3645 infinitivo
570 3591 782 3657 dependantoe
837 3608 921 3641 ne-
943 3592 1024 3642 Aut...
1045 3590 1119 3650 adeo,
1144 3605 1158 3638 «
1182 3603 1220 3640 ou
1246 3589 1341 3640 meme

274 3667 371 3715 dicam.-
390 3692 420 3700 -
443 3665 519 3714 Clam
534 3663 717 3712 mettaboisse.
739 3663 778 3716 el.
838 3679 851 3711 «
878 3662 1090 3728 (simplement,
1116 3661 1299 3722 seulement).
1329 3678 1343 3710 ›>

273 3739 328 3789 657.
835 3735 875 3787 cl.
891 3732 1019 3786 ‘lucetle
1035 3737 1112 3784 note.
1139 3761 1167 3768 —
1194 3733 1342 3789 Hominem,

304 3810 358 3860 eet.
388 3808 490 3857 Ostium
518 3807 679 3867 concrepuit,
710 3822 724 3853 ‹<
753 3803 781 3856 le
835 3823 849 3854 «
864 3820 905 3857 un
919 3805 1046 3866 homme,
1062 3819 1076 3852 ›>
1093 3817 1134 3854 un
1145 3804 1205 3855 etre
1218 3801 1293 3854 doue'
1308 3802 1343 3854 de

273 3885 354 3944 porte
369 3893 386 3930 e
400 3877 506 3942 oreque
522 3894 536 3926 ›>
551 3880 597 3936 (en
612 3878 779 3937 s'ouvrant).
834 3875 942 3927 raison.
954 3874 993 3924 ef.
1008 3876 1063 3925 211,

273 3979 304 3986 -
320 3951 405 4001 Nullo
418 3965 485 4000 sum.
503 3949 543 4000 Cf.
559 3949 606 4000 319
618 3953 647 3998 et
660 3947 688 3999 la
702 3952 780 3998 note.
865 3949 920 4000 525.
948 3948 1029 4007 Nam,
1058 3959 1153 4010 «non,
1178 3957 1256 3997 car...
1276 3962 1289 3993 »
1314 3973 1344 3980 -

304 4025 359 4075 523.
389 4022 457 4082 Quid
483 4021 543 4069 cis?
566 4035 580 4068 <‹
606 4020 649 4071 Eh
663 4019 754 4070 bien?
769 4035 782 4066 »
838 4018 971 4067 Utrumvt's
1005 4018 1113 4077 horum,
1154 4034 1168 4065 «
1190 4018 1266 4068 l'une
1305 4027 1343 4067 ou

274 4108 288 4138 «
301 4092 353 4142 Dis
381 4091 462 4142 donc.
488 4107 502 4140 ›>
529 4094 583 4142 Pan
604 4095 679 4143 cette
701 4088 782 4140 locu·
836 4089 936 4142 l'eutre
963 4089 999 4141 de
1025 4102 1074 4141 ces
1100 4088 1177 4140 deux
1201 4089 1344 4140 choses.»

276 4163 336 4213 tion
362 4176 400 4214 on
420 4161 532 4228 appelle
554 4161 722 4213 l’attention
746 4159 782 4210 de
841 4161 886 4210 Vir
901 4161 1025 4220 ethome,
1036 4160 1181 4225 predicate
1195 4159 1230 4210 de
1242 4159 1271 4210 la
1283 4171 1346 4224 pro·

274 4233 349 4284 celui
369 4235 386 4286 a
410 4235 460 4297 qui
486 4233 544 4285 l’on
568 4233 708 4285 s’adnesse
733 4245 782 4283 sur
836 4233 963 4297 position
974 4231 1232 4296 precedente,s0nt
1244 4229 1344 4294 repre-

275 4317 306 4356 ce
322 4307 408 4369 qu'on
422 4319 458 4357 va
472 4304 598 4369 midine,
612 4303 783 4369 etparticu·
837 4303 935 4356 sentes
952 4316 1004 4368 pan
1023 4316 1064 4353 un
1084 4315 1206 4367 pronum
1229 4305 1344 4363 neutro,

273 4376 425 4428 lierement
463 4391 513 4428 sur
551 4389 609 4428 une
646 4375 783 4440 question
836 4387 920 4440 perce
943 4373 1029 4443 qu’ils
1051 4387 1088 4425 ne
1111 4372 1267 4435 designent
1292 4383 1345 4437 pas
