3086 5092
289 428 403 511 1111,
428 429 527 495 (3-11
734 471 777 478 -
801 431 844 494 11
869 469 911 478 -
1210 429 1355 494 ner-eir

290 626 358 712 (ΡΑ.
372 625 462 691 Dum
481 629 524 691 ne
545 625 745 709 redducam,
767 627 909 693 tirrhent
928 649 1031 717 porro
1051 631 1156 717 quem
1176 625 1307 712 velint.)

287 741 345 808 Pe.
373 744 458 828 Εςο,
481 741 673 831 Ptmphile‚
696 764 772 809 esse
791 743 881 809 inter
900 765 974 825 nos,
998 743 1025 808 si
1042 742 1119 808 fieri
1137 748 1262 832 potest,
1289 742 1353 807 635

234 869 259 912 ’15
374 858 598 925 Adfiniteteni
618 859 707 926 hene
728 864 809 926 sene
830 863 1036 949 perpetuen
1056 859 1154 941 volo;

377 975 436 1043 Sin
457 979 509 1042 est
527 982 565 1041 ut
585 976 684 1042 aliter
703 979 763 1043 trie
783 977 846 1043 siet
866 977 1048 1056 sententia,

374 1093 531 1182 Accipias
561 1114 719 1182 puerunt.
751 1092 821 1180 (Pi.
853 1091 968 1162 Sensit
986 1092 1162 1183 peperisse
1185 1113 1192 1158 ε
1216 1090 1352 1178 decidi.)

285 1209 343 1275 Li.
371 1208 543 1275 Puerrirn?
553 1231 657 1298 quern
670 1209 913 1298 puerumiPn.
930 1192 1038 1276 Natus
1054 1214 1105 1274 est
1119 1208 1218 1278 nobis
1232 1230 1349 1298 nepos.

374 1325 461 1391 Nam
481 1325 632 1390 abdrieta
651 1348 669 1390 a
691 1326 789 1390 vobis
809 1329 982 1415 praegnas
1001 1325 1114 1391 fueret
1128 1324 1212 1406 filia,
1289 1324 1353 1389 610

230 1458 257 1502 20
372 1441 492 1530 Neque
513 1441 617 1510 fuisse
637 1445 861 1531 praegnatem
884 1443 1047 1530 nmquam
1067 1445 1145 1506 ente
1162 1439 1255 1505 hune
1270 1439 1353 1505 scivi

817 1555 921 1622 diem.
1254 1553 1256 1558 ’

282 1671 343 1738 Ln.
370 1670 474 1754 Bene,
496 1676 544 1738 ite
562 1694 617 1738 nie
637 1672 673 1737 di
692 1678 819 1756 ament,
840 1674 990 1756 nrintias,
1014 1677 1047 1739 et
1063 1672 1200 1759 geddeo

371 1789 499 1854 Netum
518 1789 616 1855 illurn
636 1794 670 1854 et
681 1789 745 1854 tibi
757 1789 854 1856 illem
864 1790 1005 1856 silvam.
1020 1788 1088 1856 Sed
1098 1787 1183 1878 quid
1198 1789 1351 1858 nnilieris

373 1904 520 1970 Uxerem
540 1904 648 1970 hebes
668 1909 728 1970 eut
747 1906 874 1994 quihus
895 1911 1063 1972 moratam
1083 1901 1263 1970 lintribus?

343 2093 345 2098 ¹
373 2020 486 2086 Nosne
506 2021 572 2086 hee
592 2020 720 2087 celatos
740 2025 811 2086 111111
827 2021 902 2087 diu!
926 2021 1068 2110 Nequett
1089 2022 1183 2102 satis,
1286 2021 1351 2085 615

228 2151 255 2192 25
374 2135 483 2218 Quem
503 2137 569 2204 hoe
589 2138 673 2204 mihi
692 2117 830 2204 videtnr
848 2139 975 2205 fectum
994 2160 1113 2228 prave,
1131 2137 1303 2228 preloqui.

282 2253 340 2320 Pu.
369 2255 445 2320 Non
471 2255 534 2320 tibi
562 2255 649 2320 illud
676 2255 805 2322 facturn
833 2259 945 2321 minus
971 2256 1086 2344 placet
1102 2277 1214 2346 ¹quern
1243 2252 1348 2334 mihi,

815 2372 941 2438 Lethe.

312 2660 366 2710 631.
391 2657 476 2716 Quam
501 2654 580 2706 velint
604 2677 634 2698 =
657 2661 788 2720 qnantum
843 2657 1023 2723 singuliere:
1043 2660 1112 2710 Cette
1126 2661 1216 2711 aetion
1235 2677 1268 2710 ne
1287 2675 1352 2711 vous
1385 2690 1388 2698 ν

280 2729 369 2778 velint.
840 2729 910 2794 plait
927 2744 979 2794 pas
997 2730 1086 2780 moins
1107 2731 1170 2795 qu'ci
1192 2733 1255 2793 moi,
1278 2744 1351 2797 pour

311 2803 365 2853 637.
381 2799 467 2850 Aliter
481 2798 537 2849 siet.
556 2798 787 2866 L'adverhejoue
842 2800 903 2852 dire
920 2820 926 2854 :
943 2801 998 2852 stre
1012 2816 1053 2850 me
1063 2801 1164 2874 de'ptatt
1176 2807 1274 2852 autent
1288 2803 1352 2866 qu’et

280 2875 404 2924 souvent
418 2870 445 2923 le
455 2869 515 2922 rtle
525 2868 560 2923 de
574 2869 705 2935 predicet
718 2883 788 2922 avec
842 2878 912 2914 vens.
924 2879 939 2912 »
950 2865 1020 2929 [ΜΨ
1032 2865 1150 2929 Dae1er].
1162 2865 1254 2916 Minus
1263 2865 1349 2930 placet

279 2959 331 2994 esse
343 2943 413 2994 ehez
425 2941 468 2994 les
480 2941 639 3006 comiques.
653 2941 707 2994 Ad.
721 2944 767 2993 191
780 2960 786 2994 :
842 2939 886 2986 est
901 2949 959 2988 une
972 2935 1056 2988 litote
1071 2949 1144 3002 pour
1153 2937 1241 3001 mepte
1254 2936 1349 3002 displi-

280 3017 332 3067 Sin
346 3015 424 3066 aliter
436 3015 545 3063 animus
556 3018 642 3062 voster
656 3020 703 3064 est.
718 3015 786 3066 515:
840 3007 1059 3071 cet(ma9isn0n
1080 3007 1187 3073 placet).
1213 3008 1257 3061 On
1277 3012 1348 3073 peut

279 3089 330 3140 Sin
343 3087 422 3136 aliter
437 3087 468 3134 de
487 3086 537 3135 hac
552 3101 582 3134 re
599 3089 636 3135 est
654 3086 710 3151 ejus
728 3099 787 3134 sen·
841 3078 1032 3143 paraphraser
1057 3079 1133 3130 ainsi
1162 3079 1188 3131 le
1219 3092 1286 3130 vers
1314 3079 1349 3131 de

280 3158 371 3209 tentia.
841 3149 989 3203 Terence:
1008 3165 1022 3198 <‹
1038 3152 1099 3213 Que
1124 3154 1200 3203 cette
1218 3150 1348 3202 mansere

309 3232 363 3286 638.
380 3229 505 3294 Accipias
515 3244 667 3293 puerum
681 3234 714 3280 tu
725 3229 787 3280 n'as
840 3221 929 3286 d’agir
950 3227 979 3274 te
1000 3222 1091 3288 pleise
1112 3221 1208 3274 moins
1224 3221 1348 3286 (encore)

278 3301 344 3365 qn'e
361 3301 487 3366 prendre
506 3304 556 3351 ton
582 3300 692 3352 entant.
715 3316 729 3349 »
746 3301 784 3354 Gt.
841 3295 907 3358 qu'e
918 3293 990 3358 moi,
1002 3295 1032 3358 je
1046 3292 1074 3346 le
1088 3293 1145 3353 nie,
1164 3307 1225 3347 »ce
1237 3293 1289 3358 qui
1303 3307 1348 3346 re-

278 3375 325 3426 342
346 3378 375 3424 et
397 3371 425 3423 la
446 3377 523 3424 note.
538 3401 569 3409 -
584 3371 679 3423 Occidi.
701 3371 740 3423 Cf.
759 3372 787 3424 ie
841 3366 922 3418 vient
946 3367 963 3417 1
984 3365 1045 3418 dire
1061 3384 1067 3418 :
1084 3381 1098 3414 <t
1116 3367 1177 3428 Que
1192 3371 1270 3418 cette
1286 3379 1349 3418 ma-

278 3447 347 3494 note
362 3455 413 3494 sur
428 3442 455 3494 le
470 3455 497 3493 v.
513 3444 567 3495 319.
840 3435 920 3489 niere
951 3437 1041 3502 d’agir
1072 3442 1101 3490 te
1132 3436 1261 3502 deplaise
1282 3435 1347 3501 plus

308 3515 363 3568 610.
379 3515 401 3564 Α
415 3514 496 3577 vobis,
512 3530 525 3562 ‹<
541 3514 576 3566 de
591 3513 660 3566 ehez
676 3528 786 3567 vous.»
840 3510 907 3574 qu'e
934 3508 1007 3572 moi,
1026 3509 1056 3573 je
1081 3508 1109 3560 le
1130 3509 1191 3572 nie,
1216 3525 1232 3558 1
1250 3509 1324 3561 dono
1340 3527 1347 3561 :

308 3588 362 3639 611.
379 3587 447 3636 Bene
462 3586 574 3635 nuntias
593 3609 624 3628 =
645 3586 727 3636 bonas
744 3602 786 3636 res
841 3584 954 3634 «cette
977 3579 1108 3632 mansere
1130 3580 1218 3646 d'egir
1239 3593 1276 3632 ne
1300 3593 1348 3633 me

276 3657 396 3708 nuntias.
421 3656 461 3710 Cf.
483 3655 570 3708 Andr.
591 3657 787 3710 9111111111
840 3651 949 3716 deplait
964 3664 1016 3717 pes
1039 3651 1136 3703 moins
1156 3654 1214 3716 (me
1238 3650 1347 3716 deplan

276 3727 363 3793 prebe.
375 3730 448 3780 Eun.
461 3728 524 3779 916:
542 3727 610 3776 Bene
620 3727 710 3793 edepol
719 3743 785 3777 nar·
839 3726 953 3785 autent)
978 3723 1043 3788 qu'tt
1064 3723 1114 3774 toi.
1133 3739 1147 3772 1
1169 3722 1348 3776 L³absurdite

276 3815 331 3850 ras.
840 3801 996 3859 apparente
1020 3796 1055 3847 de
1078 3795 1107 3847 le
1127 3795 1234 3860 phrase
1257 3794 1347 3849 latine

308 3872 362 3922 613.
372 3871 441 3929 Quid
452 3870 615 3920 mutieristn
628 3869 727 3932 Quelle
743 3884 786 3922 es·
840 3867 972 3931 provient
997 3867 1032 3918 de
1054 3879 1086 3918 ee
1101 3867 1187 3930 qu'on
1206 3871 1252 3918 est
1266 3866 1347 3918 tente

276 3942 346 4008 pere
365 3941 401 3994 de
420 3941 546 3994 femme?
560 3959 574 3991 »
589 3957 602 3989 «
617 3942 785 4006 Reprehen-
840 3939 874 3990 de
887 3937 1002 4004 joindre
1014 3939 1207 3990 directement
1226 3938 1347 3990 minuet

276 4014 782 4078 sioesteumeontemptu.»[Donati.
838 4025 902 4071 non,
916 4023 1028 4063 comme
1038 4011 1062 4061 si
1071 4010 1196 4062 l'auteur
1207 4009 1347 4062 afniman

275 4084 315 4138 Cf.
332 4086 436 4136 Henut.
452 4087 499 4137 818
518 4101 524 4136 :
545 4085 656 4149 Quaeso,
673 4085 738 4148 quid
756 4089 785 4134 te
838 4081 962 4145 l’egalite
976 4081 1027 4133 des
1047 4081 1124 4134 deux
1144 4086 1250 4133 termes
1269 4079 1348 4145 posi-

275 4155 423 4204 homtni's?
840 4153 890 4204 tiis
918 4153 965 4203 tibi
991 4153 1077 4218 ptaeet
1107 4157 1136 4204 et
1164 4153 1230 4201 mitt
1249 4151 1345 4216 placet,

306 4228 514 4278 61111011111111
537 4227 666 4286 moribus,
692 4227 784 4291 ssgure
840 4225 1035 4289 tandisqu’en
1049 4224 1251 4277 re'alitttminns
1265 4223 1348 4288 equi-

276 4294 501 4361 etymologique.
838 4301 909 4348 veut
933 4298 951 4348 e
974 4310 1016 4348 un
1038 4297 1125 4362 mepte
1149 4295 1346 4360 aeeompegne

306 4371 361 4420 617.
379 4369 441 4420 Non
458 4367 504 4418 1111
522 4367 592 4417 titud
610 4368 712 4432 factum
736 4374 781 4419 etc.
838 4367 924 4422 d’une
945 4370 1007 4422 idee
1024 4369 1160 4434 negative
1176 4369 1227 4433 qui
1243 4367 1345 4421 affecte

275 4439 450 4495 «Voiltune
465 4440 549 4506 repon
559 4441 594 4492 de
604 4440 698 4508 parler
713 4440 784 4494 bien
835 4441 931 4508 placet.
