3086 5092
204 435 242 517 ι,
266 438 297 518 ι,
322 437 421 502 ιιι-ιι
647 479 688 486 -
713 387 756 504 sa
780 478 822 486 -
1119 439 1268 505 ιιι-ιιι

200 632 258 702 Pa.
292 633 381 714 Quid
413 635 460 700 ini
497 639 603 702 istaec
641 635 785 702 narras?
813 638 856 700 tn
881 636 962 722 quia
993 657 1062 702 non
1089 641 1161 702 tute
1193 635 1267 726 ipse

691 750 822 818 dudum
842 750 980 832 audisti,

288 865 339 932 De
357 867 423 934 hac
441 887 478 932 re
500 867 634 934 animus
653 889 750 934 meus
764 873 801 933 ut
822 871 875 949 sit,
898 865 1058 937 Laches?
1076 867 1144 934 illis
1164 867 1267 936 modo

689 982 823 1074 explete
844 985 1068 1050 animun-
1201 985 1266 1050 785

144 1113 171 1156 20
198 1098 258 1168 La.
292 1099 428 1181 Quaeso
457 1098 778 1189 edepol,*Baochis,
812 1099 906 1188 quod
934 1099 1018 1167 mihi
1051 1123 1086 1167 es
1116 1101 1267 1191 pollicita

678 1220 761 1286 tute
781 1219 819 1282 ut
839 1220 969 1283 serves,
1235 1194 1238 1203 Ι

198 1329 258 1399 ΒΑ.
290 1329 343 1398 Oh
364 1337 441 1400 eam
474 1354 548 1399 rem
566 1333 624 1400 vin
656 1354 740 1419 ergo
768 1335 858 1404 intro
887 1335 989 1400 eam?
1018 1332 1078 1403 La
1111 1333 1139 1415 1,
1168 1335 1266 1424 exple

689 1449 840 1515 tuimum
860 1449 920 1531 eis
943 1470 1027 1534 coge
1048 1455 1086 1516 ut
1072 1450 1261 1517 ttcredan

197 1564 256 1631 Bt
288 1565 350 1646 Eo,
373 1571 407 1630 e
393 1568 437 1630 si
457 1565 527 1631 scio
545 1565 604 1654 pol
627 1569 675 1632 eis
695 1565 769 1632 fore
798 1587 914 1632 meum
935 1570 1158 1654 conspectum
1177 1568 1264 1632 invi-

688 1703 764 1747 sum
782 1681 908 1763 hodie:

285 1797 372 1864 Nam
405 1800 515 1892 nupta
533 1797 705 1864 meretrici
732 1796 840 1864 hostis
857 1803 919 1881 est,
942 1821 962 1863 a
978 1803 1052 1864 viro
1071 1798 1132 1864 ubi
1152 1819 1266 1883 segre-

684 1917 809 1998 getast.

194 2028 253 2096 Li.
285 2031 332 2097 At
350 2031 436 2097 haec
456 2032 586 2098 amicae
607 2034 719 2112 erunt,
734 2031 795 2096 ubi
811 2053 915 2120 quam
929 2031 973 2097 ob
987 2053 1061 2098 rein
1080 2031 1262 2098 adveneris
1362 2077 1366 2084 ,

684 2151 890 2230 resciscent3
1183 2125 1261 2215 „790

138 2293 166 2336 ιι
198 2263 327 2353 [punt
365 2263 504 2331 easdem
543 2265 670 2331 amicas
690 2264 763 2330 fore
792 2265 854 2330 tibi
886 2267 1062 2356 promitto,
1102 2288 1176 2333 rem
1202 2265 1261 2332 ubi

682 2382 862 2466 cognorint
884 2382 906 2470 ε]
1091 2469 1092 2472 ¹

279 2497 367 2564 Nam
382 2497 460 2564 illas
476 2519 592 2563 errore
613 2503 647 2564 et
665 2501 698 2563 te
720 2497 822 2563 simul
841 2501 1036 2588 suspicione
1060 2499 1225 2566 exsolves.

191 2613 250 2680 Βι.
278 2613 368 2679 Perii
389 2635 396 2682 :
418 2613 527 2703 pudet
547 2613 784 2680 Philumenae.
806 2612 860 2681 Me
881 2615 1064 2705 sequimini
1084 2616 1172 2682 iutro
1192 2615 1259 2682 huc

682 2729 815 2796 ambae.
838 2771 881 2780 —

219 2948 273 2998 784.
302 2945 370 3005 Quia
397 2946 436 2994 mi
464 2946 544 2996 istaec
572 2946 697 2995 narras?
750 2961 818 3010 yem.
828 2947 1075 3013 -aViudicit,t
1043 2954 1075 3001 ut
1084 2955 1130 3000 ost
1120 2950 1259 3003 tendatis

188 3034 202 3066 «
216 3016 414 3082 Reprehensio
433 3020 478 3068 est
502 3017 586 3081 quasi
601 3016 698 3081 longo·
750 3019 806 3070 hae
831 3033 862 3072 re
889 3021 1105 3073 cunctationem
1133 3035 1226 3074 suam
1244 3040 1258 3072 »

187 3101 253 3139 rum
268 3089 423 3139 verborum
439 3089 580 3140 Lachetis.
595 3107 608 3138 >›
630 3089 697 3153 [Do-
751 3092 874 3155 [Donati
916 3092 1061 3144 «L'hesit
1050 3093 1140 3144 tation
1177 3099 1258 3149 toute

188 3159 471 3224 iiat].Narrore,chez
484 3158 527 3212 les
536 3162 696 3226 comiques
750 3163 854 3227 simple
869 3177 908 3226 qu
910 3163 1043 3228 ’eprouve
1054 3165 1258 3218 Bacchisten-

188 3230 335 3296 s'emploie
365 3235 489 3283 souvent
513 3244 550 3282 au
577 3233 634 3285 lieu
661 3239 696 3290 de
751 3238 808 3285 tier
818 3234 887 3285 chez
901 3233 1126 3288 Philumene
1081 3241 1126 3288 es
1137 3251 1178 3288 un
1191 3239 1258 3290 trait

187 3302 354 3354 dicereavec
370 3314 429 3353 une
451 3315 565 3355 nuance
585 3305 620 3357 de
642 3308 695 3360 de‘-
749 3305 783 3356 de
812 3305 897 3369 genie
920 3306 1053 3360 theatral.
1081 3310 1119 3359 Le
1151 3307 1258 3360 denari·

186 3373 254 3426 dein
264 3388 301 3425 ou
312 3373 524 3439 d’impatience‚
536 3388 648 3430 comme
658 3393 695 3432 en
748 3381 829 3428 ment
844 3383 888 3430 est
903 3382 968 3430 tout
983 3379 1078 3432 entier
1093 3381 1166 3430 dans
1182 3385 1256 3433 cette

185 3444 217 3496 ir.
233 3461 248 3493 a
266 3449 375 3508 center,
391 3447 571 3498 »achanton
586 3465 600 3498 i>
612 3478 642 3486 —
652 3455 695 3502 An
748 3452 902 3500 entrevue:
916 3450 1013 3513 quelle
1021 3451 1084 3502 idee
1095 3451 1256 3504 excellente

185 3515 310 3579 quinci.
326 3519 422 3568 663—
436 3518 560 3567 Noatute
580 3519 691 3584 ipseete.
747 3518 781 3571 de
805 3523 871 3572 n³en
899 3521 980 3574 avoir
1006 3522 1087 3586 point
1114 3522 1255 3588 precipite'

185 3588 217 3637 V.
231 3588 286 3638 722.
746 3591 908 3644 l'inoident!
933 3594 1009 3645 C'est
1033 3592 1060 3644 le
1085 3600 1177 3647 secret
1204 3597 1254 3646 (ies

214 3662 269 3713 785.
287 3659 570 3720 litis,aPhiluinene
586 3665 692 3718 etasa
746 3662 853 3727 grands
877 3664 997 3716 maitres
1025 3664 1060 3717 de
1088 3665 1255 3718 dissimuler

184 3729 303 3783 mere·
310 3731 432 3796 Enopiae.
448 3731 493 3784 On
505 3733 692 3798 remarque'ra
744 3735 809 3786 l'ait
825 3748 894 3787 sous
907 3749 949 3787 un
963 3738 1006 3787 air
1018 3736 1143 3788 naturel.
1158 3755 1172 3788 ι
1183 3738 1255 3803 [Tal-

183 3815 239 3867 que
250 3801 389 3867 Phidippe
402 3802 477 3854 evite
489 3805 524 3855 de
535 3804 692 3861 s³adresser
744 3807 814 3872 hott

183 3874 373 3926 directement
401 3875 563 3927 aBacchis
589 3878 634 3940 (ct
663 3881 691 3932 ia
775 3881 829 3931 783.
848 3880 941 3941 Hodie,
953 3880 1021 3932 chez
1035 3879 1079 3932 les
1094 3881 1252 3946 comunes,

182 3951 252 3998 note
266 3945 370 3998 ch
382 3947 689 4013 Daciersurlevw772)
745 3950 891 4016 s³emploie
923 3951 983 4003 tres
1019 3957 1143 4004 souvent
1180 3966 1254 4018 pour

182 4017 205 4068 ll
220 4016 264 4069 dit
281 4016 391 4082 captate,
407 4029 492 4082 parce
508 4032 564 4082 que
579 4021 689 4073 Laches
744 4023 854 4074 donner
869 4024 1054 4088 simplement
1069 4024 1134 4089 plus
1147 4024 1255 4078 dener-

182 4088 243 4140 doit
258 4086 409 4141 concourir
425 4089 442 4140 a
459 4088 535 4141 l''act
515 4094 577 4142 tion
595 4105 632 4142 en
644 4091 690 4144 de·
743 4094 788 4160 gie
803 4093 859 4146 'ala
874 4096 987 4159 phrase
995 4095 1253 4160 Pide'etemporelle

182 4159 281 4212 cidant
301 4159 420 4211 Bacchis
442 4161 550 4213 telier
576 4167 690 4217 trouver
743 4165 822 4217 etant
836 4179 961 4230 presque
976 4167 1091 4218 effacee.
1107 4169 1147 4221 Cf.
1164 4171 1219 4221 873

181 4231 355 4296 Myrriueet
344 4231 607 4285 tPhilumene.-
624 4236 689 4286 Phi·
774 4237 828 4288 791.
848 4239 881 4287 V
901 4240 933 4289 N
951 4239 978 4290 C.

180 4303 267 4368 dippe
278 4309 377 4355 rentre
390 4303 689 4369 cheziuiapresavoir
773 4310 827 4360 793.
845 4309 922 4360 Perii
939 4310 966 4360 u³
969 4314 1013 4360 est
1027 4309 1064 4360 ici
1079 4323 1137 4372 que
1151 4311 1252 4375 requi-

181 4373 326 4446 pronouce
341 4387 373 4425 ce
388 4387 461 4435 vers.
742 4380 839 4430 valent
854 4379 907 4432 de.
924 4396 937 4428 «
951 4381 1012 4431 Ah!
1029 4395 1043 4429 »
1063 4382 1095 4433 ct
1096 4418 1101 4430 .
1117 4383 1164 4434 319
1179 4387 1208 4434 et
1222 4384 1250 4435 la

211 4449 265 4498 787.
285 4445 389 4520 Oieum
403 4460 468 4511 rem,
481 4460 518 4498 se.
534 4453 562 4496 ut
576 4463 688 4514 mepur-
742 4454 819 4502 note.
834 4477 863 4486 -
876 4447 1154 4514 Pudetpanomeoae,
1173 4455 1250 4520 «j'ei
