3086 5092
260 419 318 502 IV,
341 423 372 502 2,
396 421 475 488 ult
704 463 746 471 —
771 426 813 490 66
838 465 880 474 -
1182 428 1326 494 582-590

349 616 435 684 Nem
455 619 503 684 mi
517 622 608 686 intus
620 623 698 686 tuos
713 624 813 710 pater
826 623 980 688 narravit
1000 623 1114 706 modo,
1138 646 1206 712 quo
1225 629 1326 713 pecto

795 759 849 803 me
868 737 1034 806 habueris

349 851 582 940 Praepositam
599 854 708 919 amori
722 858 782 919 tuo
796 876 802 922 :
815 876 905 920 nunc
920 855 984 920 tibi
999 877 1053 922 me
1070 860 1235 924 certumst
1249 873 1327 923 con‘-

792 976 845 1036 tre
864 972 1012 1056 gretiam

348 1085 503 1167 Referre,
518 1091 554 1152 ut
569 1086 662 1176 apud
677 1109 732 1153 me
742 1088 936 1177 praemium
952 1110 1026 1156 esse
1041 1090 1193 1179 positum
1208 1091 1327 1180 pietati

797 1204 896 1269 scies.

348 1317 394 1386 Mi
415 1317 607 1409 Ptmphtte
620 1318 686 1386 hoc
706 1326 740 1386 et
758 1319 857 1385 vobis
878 1326 912 1386 et
931 1342 1028 1388 meae
1049 1321 1295 1390 commodumf
1313 1363 1327 1372 -

794 1457 871 1502 mee
893 1437 1042 1503 irbitror
1064 1459 1071 1505 :
1263 1439 1327 1504 585

349 1551 423 1639 Ego
443 1555 501 1619 ris
521 1552 693 1618 abituram
709 1550 789 1618 hine
810 1554 887 1618 cim
906 1558 965 1619 tuo
986 1575 1040 1623 me
1062 1575 1136 1620 esse
1152 1559 1246 1622 certo
1266 1555 1326 1623 de-

796 1673 890 1735 crevi
907 1675 1018 1758 petre,

350 1786 400 1853 Ne
419 1789 497 1852 mee
515 1785 711 1876 proesentis
731 1785 845 1852 obstet
858 1807 927 1850 neu
943 1807 1047 1853 cause
1065 1787 1137 1853 ulla
1154 1792 1328 1854 11311116-

794 1901 897 1983 licua,

351 2021 440 2103 Quin
459 2021 519 2085 ule
538 2017 744 2084 Philumena
756 2016 800 2084 ed
815 2022 849 2083 ie
862 2018 992 2086 redeat.
1006 2019 1063 2086 ΡΑ.
1085 2020 1233 2104 Quaeso,
1246 2021 1328 2110 quid

791 2134 880 2200 istuc
896 2133 1071 2200 eonsilist?

350 2251 446 2318 Illius
458 2251 603 2317 stultitia
611 2254 701 2317 victe
711 2273 752 2316 ex
764 2250 850 2317 urbe
864 2253 901 2315 tt
913 2271 969 2315 rus
978 2248 1170 2318 habitatum
1181 2251 1329 2337 migres?

350 2368 451 2434 Haud
470 2367 587 2450 ficieS,
602 2389 714 2456 neque
727 2367 836 2433 sinam
847 2370 885 2432 ut
897 2367 956 2455 qui
973 2367 1086 2450 nohis,
1100 2371 1222 2449 miter,
1241 2367 1329 2433 mele

798 2482 928 2549 dietum
948 2483 1042 2565 velit,

1266 2483 1329 2548 590

263 2791 299 2841 de
332 2785 632 2841 senatus-consultes
659 2804 665 2838 :
697 2787 772 2845 Quod
825 2785 1001 2839 sentiments
1016 2785 1051 2837 de
1066 2786 1331 2848 reconnaissencep

263 2861 341 2912 uerba
355 2860 428 2923 sactu
439 2865 501 2910 suut
511 2873 549 2910 ou
560 2859 635 2919 Quod
646 2859 680 2908 N.
693 2857 771 2907 cerba

264 2933 364 2997 fecit...‚
387 2932 418 2982 de
441 2947 472 2980 eu
493 2945 522 2979 re
540 2931 580 2979 itu
599 2933 769 2980 censuerunt.

263 3008 296 3056 V.
313 3002 393 3056 aussi
408 3005 454 3056 537
469 3020 475 3054 :
490 3004 525 3052 De
541 3003 591 3050 huc
608 3017 636 3050 re
654 3001 766 3066 quod...

263 3105 294 3114 -
307 3075 437 3125 Firmasti
448 3073 535 3132 fidem.
551 3073 675 3122 Firmere
692 3071 771 3135 fidem

264 3147 348 3197 alicui
370 3146 410 3196 rei
435 3145 551 3210 signille
568 3160 584 3193 c
602 3144 713 3196 donner
736 3143 771 3194 de

265 3218 389 3283 quelque
409 3217 497 3269 chose
512 3229 570 3269 une
584 3229 692 3281 preuve
707 3229 771 3267 cer-

265 3290 353 3343 taine.
369 3306 384 3338 t>

295 3363 351 3414 582.
367 3361 407 3410 Me
431 3359 556 3410 habueris
577 3359 770 3424 praepositam.

265 3432 314 3496 lei,
336 3431 398 3484 ele
416 3429 571 3483 difference
593 3429 644 3481 des
672 3434 772 3482 autres

266 3515 405 3570 passages
430 3504 496 3566 (294,
511 3505 566 3566 752,
586 3499 663 3564 etc),
678 3501 772 3550 habere

265 3589 335 3628 avec
359 3575 386 3628 lc
407 3573 547 3640 participe
567 3572 652 3638 pesse
680 3572 774 3638 pessit

265 3644 771 3712 111111111111111111111111111111,

267 3719 341 3772 mais
354 3722 399 3770 est
413 3731 472 3770 une
487 3715 589 3780 simple
604 3714 772 3782 periphrase

267 3792 306 3843 du
326 3788 440 3855 perluit.
455 3790 507 3841 Get
528 3788 644 3854 emploi,
658 3787 707 3852 qui
722 3801 771 3840 ce-

267 3860 405 3914 ractertse
422 3859 450 3911 la
464 3858 570 3924 langue
584 3857 772 3925 populairee

268 3933 362 4000 pesse,
378 3945 490 3983 comme
503 3944 540 3982 on
563 3931 629 3996 seit,
641 3931 715 3982 dens
729 3932 772 3984 les

267 4004 390 4070 langues
400 4016 542 4055 remanes.

298 4079 354 4130 583.
367 4076 553 4127 Certumstct
562 4077 609 4129 tut
617 4080 647 4127 et
656 4075 684 4126 le
694 4081 772 4128 note.

269 4177 299 4186 -
310 4147 506 4209 Ceutramdv„
523 4162 538 4195 e
553 4160 591 4199 en
605 4146 743 4212 &change
759 4163 773 4197 e

269 4220 309 4273 Cf.
325 4219 411 4271 111-
437 4218 558 4269 Gratiam
578 4218 687 4283 referre,
701 4235 717 4268 e<
730 4219 774 4272 te-

270 4290 402 4354 moigner
415 4301 447 4341 sc
468 4290 708 4343 reconnaissanee
723 4303 774 4357 per

270 4363 322 4414 des
334 4365 414 4413 actes
424 4377 453 4424 ;»
463 4361 557 4412 hebere
570 4363 688 4426 pretium
698 4362 775 4429 (plus

270 4438 416 4490 rerement
437 4433 561 4500 pretias),
582 4451 596 4486 e
621 4435 701 4490 avoir
724 4434 775 4488 des

825 2873 839 2906 (ι
856 2856 918 2909 etro
941 2857 1175 2921 reconnaissent3
1197 2874 1211 2907 »
1229 2858 1332 2922 pretias

825 2945 916 2995 apere,
941 2945 955 2977 <t
979 2929 1144 2993 tcmoigner
1170 2942 1202 2981 se
1227 2942 1331 2982 recon-

825 3001 978 3053 naissanee
988 3014 1040 3066 per
1049 3000 1100 3053 des
1111 3000 1254 3066 peroles»
1264 3017 1278 3051 1
1289 3014 1332 3054 re-

825 3085 957 3125 mercler.
975 3089 991 3122 ›>

856 3147 911 3198 581.
940 3143 1097 3193 Praemium
1125 3158 1177 3194 esse
1205 3145 1330 3209 positum.

827 3215 893 3267 sall.
909 3219 969 3269 Cat.
983 3218 1023 3278 20,
1038 3217 1068 3266 11
1083 3232 1089 3266 :
1105 3215 1226 3265 Fortuna
1240 3217 1333 3266 omnia

826 3303 857 3337 ea
867 3287 1009 3337 uictoribus
1022 3287 1144 3352 praemio
1154 3287 1253 3352 posuit.

856 3361 911 3412 586.
933 3359 1075 3409 Abiturum
1096 3374 1137 3408 me
1152 3373 1204 3408 esse
1221 3359 1329 3418 decrevi,

827 3429 1027 3482 construction
1049 3442 1124 3494 rare,
1140 3441 1178 3482 eu
1209 3429 1268 3482 lieu
1297 3431 1332 3483 de

826 3501 900 3553 abire
910 3502 1019 3552 decrevi.
1035 3529 1064 3539 -
1079 3503 1155 3554 Certo
1170 3500 1279 3562 decrevi,
1294 3503 1331 3554 ss-

826 3587 899 3640 gure
911 3572 1135 3638 etymologique.

857 3645 1332 3699 587.Resletrelieua.0nrencontte

827 3717 972 3784 plusieurs
986 3716 1135 3782 exemples
1149 3717 1184 3768 de
1199 3721 1276 3770 cette
1288 3729 1333 3769 re-

827 3787 977 3841 dondance
991 3787 1190 3853 d'expression
1204 3800 1275 3840 avec
1289 3787 1332 3840 les

827 3861 929 3913 verbes
941 3859 992 3924 qui
1007 3859 1157 3924 signissent
1171 3875 1185 3908 «
1203 3864 1304 3920 cester,
1317 3875 1333 3908 »

827 3949 841 3982 <‹
865 3931 1019 3983 subsister.
1040 3946 1054 3980 1
1075 3931 1115 3985 cl.
1134 3931 1186 3982 Ad.
1203 3933 1332 3983 tlt-tus:

826 4004 915 4069 Hujus
938 4003 1039 4068 petieris
1065 4003 1195 4068 reliquias
1225 4005 1333 4054 Restare

828 4076 911 4125 video.

858 4150 913 4201 589.
936 4147 1019 4196 Victa.
1035 4146 1075 4199 Cf.
1089 4149 1145 4199 tlt.

859 4221 914 4272 590.
932 4218 993 4269 Ut...
1009 4218 1097 4280 dicut,
1111 4233 1127 4267 e
1141 4217 1211 4282 qu’il
1234 4217 1334 4283 puisse

829 4290 899 4342 dire.
911 4306 925 4340 t
935 4318 964 4326 -
972 4289 1145 4342 Maledictum
1155 4290 1223 4340 uelit.
1236 4289 1276 4343 Cl.
1287 4291 1334 4342 ets

830 4367 860 4415 et
874 4362 902 4414 le
913 4366 990 4413 note.
998 4361 1167 4412 Maledictum
1177 4363 1331 4427 (sous-ent.
1357 4369 1369 4380 ’

829 4433 890 4498 esse)
905 4439 950 4488 est
964 4446 1006 4486 un
1019 4433 1113 4499 pessit
1128 4431 1332 4502 impersonnel
